1986 2795
207 110 261 148 40
722 102 808 146 DE
838 101 1061 146 RERUM
1092 101 1358 145 NATURA.
1680 104 1786 146 Lm.
1806 104 1881 146 1v.

279 230 434 294 Frigus
462 242 511 276 ut
534 247 559 275 a
583 228 748 286 fluviis,
785 228 904 276 calor
928 228 984 275 ab
1009 227 1116 285 sole,
1153 241 1281 274 aestus
1305 226 1360 274 ab
1384 226 1515 275 undis
1789 244 1885 276 220

280 321 511 386 AEquoris,
549 339 701 369 exesor
724 337 970 368 moerorum
995 320 1123 366 litora
1145 319 1315 366 circum
1335 337 1347 365 ε

279 416 384 462 Nec
408 413 539 461 variae
563 426 732 461 cessant
756 430 890 460 voces
914 412 1098 460 volitare
1122 429 1202 476 per
1224 430 1375 459 auras:

281 504 508 569 Denique,
546 503 592 551 in
615 521 664 550 os
688 502 785 550 salsi
809 503 934 550 venit
958 502 1121 549 humor
1145 521 1260 567 soepe
1284 504 1461 568 saporis,

281 598 436 649 Quom
463 612 583 642 mare
606 612 837 642 vorsamur
860 607 1070 659 propter;
1107 594 1336 659 dilutaque
1358 610 1510 643 contra

283 689 440 740 Quom
465 685 634 733 tuimur
657 684 830 733 misceri
853 684 1088 743 absinthia,
1126 685 1268 749 tangit
1292 704 1476 734 amaror.
1798 705 1888 749 225

286 783 442 844 Usque
467 779 578 826 adeo
602 778 812 826 omnibus
837 778 892 825 ab
917 778 1046 825 rebus
1071 795 1135 825 res
1161 796 1352 843 quaeque
1376 778 1565 826 fluenter

287 873 455 928 Fertur,
493 884 538 917 et
562 870 607 918 in
633 884 813 918 cunctas
838 870 1077 918 dimittitur
1100 871 1302 936 undique
1325 872 1499 937 parteis,

286 965 387 1010 Nec
413 980 550 1019 mora,
589 980 672 1010 nec
697 963 883 1027 requies,
922 962 1035 1010 inter
1058 963 1186 1009 datur
1209 963 1302 1009 ulla
1325 963 1530 1020 fluundi;

287 1057 509 1119 Perpetuo
533 1053 748 1119 quoniam
769 1054 998 1111 sentimus,
1035 1068 1081 1101 et
1104 1055 1255 1102 omnia
1279 1073 1454 1119 semper

290 1150 499 1203 Cernere,
537 1146 722 1204 odorari,
762 1146 879 1204 licet,
917 1160 963 1194 et
987 1147 1145 1195 sentire
1171 1165 1337 1196 sonare.

1802 1170 1898 1216 230

360 1426 586 1481 Praeterea,
625 1424 838 1489 quoniam
865 1425 1070 1473 manibus
1092 1438 1276 1473 tractata
1297 1426 1442 1491 figura

297 1520 352 1563 In
376 1516 564 1563 tenebris
591 1516 796 1581 quaedam
821 1517 1103 1582 cognoscitur
1126 1536 1218 1565 esse
1243 1519 1415 1577 eadem,
1453 1538 1553 1584 quae

295 1608 502 1654 Cernitur
527 1608 571 1654 in
598 1608 712 1664 luce,
751 1622 795 1655 et
819 1608 938 1655 claro
962 1610 1150 1658 candore
1172 1631 1183 1667 ;
1221 1629 1397 1658 necesse
1421 1627 1485 1659 est

297 1699 532 1746 Consimili
557 1702 705 1746 caussa
731 1714 915 1758 tactum,
953 1701 1205 1767 visumque,
1243 1703 1431 1751 moveri.

298 1795 439 1840 Nunc
465 1792 612 1856 igitur,
651 1793 684 1839 si
710 1794 978 1857 quadratum
1004 1808 1240 1854 tentamus,
1279 1811 1322 1843 et
1348 1796 1391 1843 id
1417 1816 1496 1844 nos
1814 1823 1904 1869 235

301 1888 559 1931 Conmovet
585 1885 630 1931 in
656 1885 844 1932 tenebris
866 1906 876 1940 3
915 1886 959 1932 in
985 1886 1074 1933 luci
1099 1907 1198 1952 quae
1223 1888 1385 1954 poterit
1409 1906 1474 1935 res

277 2081 324 2110 To
338 2081 384 2109 the
407 2081 599 2119 indefatigable
620 2082 810 2119 investigation
830 2081 863 2109 os
877 2080 934 2109 Mr.
949 2081 1056 2109 wake·
1094 2082 1255 2117 Marchetti‚
1277 2085 1338 2114 that
1361 2087 1395 2115 he
1419 2087 1475 2116 also
1497 2088 1546 2116 has
1566 2089 1696 2118 obtained
1715 2092 1865 2129 possession
1882 2093 1916 2122 of

242 2131 304 2158 field
335 2141 378 2158 are
394 2141 433 2157 we
449 2130 576 2158 indcbted
598 2130 640 2157 for
654 2130 699 2158 the
714 2138 774 2158 true
796 2130 950 2158 restitution
966 2129 998 2157 of
1009 2130 1056 2157 the
1094 2132 1141 2160 the
1157 2143 1227 2160 same
1241 2133 1353 2169 lection,
1374 2136 1426 2164 and
1446 2136 1493 2164 has
1507 2136 1647 2176 faithfully
1661 2139 1779 2170 adhered
1799 2149 1830 2169 to
1850 2142 1912 2170 itin

244 2187 315 2213 text,
336 2180 425 2206 which
446 2179 478 2206 he
493 2179 540 2206 has
562 2179 641 2216 given
656 2178 725 2206 from
745 2178 844 2206 several
863 2179 1059 2215 unexception-
1096 2181 1138 2209 his
1151 2182 1274 2211 version:

245 2230 304 2258 able
319 2229 426 2257 codices
438 2228 462 2256 in
475 2228 515 2255 his
530 2228 678 2265 possession
693 2239 700 2260 ;
715 2228 768 2255 and
779 2228 804 2255 in
816 2228 870 2255 this
885 2228 1060 2264 regenerated

1367 2232 1461 2260 —e
1475 2243 1524 2270 par
1537 2234 1663 2263 mestiero

247 2278 318 2308 form
331 2278 353 2306 it
367 2287 463 2306 occurs
477 2287 504 2305 as
519 2276 625 2304 follows
638 2288 644 2304 :

1159 2277 1218 2306 Che
1232 2286 1264 2307 tu
1277 2279 1393 2308 confessi
1406 2291 1477 2309 esser
1490 2282 1586 2310 vibrati
1600 2283 1710 2312 intorno

292 2340 354 2376 Qu
367 2350 404 2370 re,
418 2337 499 2365 etiam
512 2344 595 2374 atque
609 2337 701 2369 etiam,
715 2337 783 2364 mira*
795 2336 895 2364 fateare
907 2346 1012 2364 necesse
1025 2343 1065 2364 est
1159 2327 1260 2366 Qesti
1275 2328 1377 2356 minimi
1390 2330 1466 2366 ⁰0¹'Pi
1481 2330 1531 2357 atti
1545 2340 1559 2357 ³
1575 2329 1672 2359 ferisne

291 2386 426 2423 Corpora,
440 2395 500 2422 quae
515 2384 611 2413 feriant
626 2383 730 2417 oculos,
751 2384 890 2421 visumque
906 2383 1047 2416 lacessant,
1159 2374 1209 2403 Gli
1223 2377 1309 2410 orchi,
1329 2387 1344 2405 e
1354 2376 1379 2405 1³
1393 2377 1460 2405 vista
1472 2389 1647 2415 provocame,
1667 2389 1682 2408 e
1695 2388 1800 2417 sempre

294 2435 486 2472 Perpetuoque
488 2434 581 2473 fluant
593 2434 673 2462 certis
686 2434 720 2462 ab
732 2433 811 2462 rebus
823 2443 959 2461 onon-ru.
1162 2422 1322 2458 Nascus,
1343 2425 1376 2453 ed
1389 2425 1473 2453 esalar
1486 2426 1521 2453 da
1534 2437 1596 2455 cose
1609 2433 1692 2456 certe.

259 2495 286 2523 11
316 2491 414 2522 should
440 2493 475 2522 be
501 2493 600 2528 stated,
630 2492 766 2524 however,
798 2498 829 2520 to
855 2491 903 2520 the
930 2491 1016 2529 prais<
1039 2490 1074 2519 of
1145 2490 1237 2528 Every
1263 2491 1342 2520 other
1377 2493 1523 2523 translator
1548 2493 1617 2522 with
1643 2493 1734 2522 whom
1762 2493 1777 2523 1
1803 2504 1848 2525 am
1873 2506 1918 2528 ac.
