1986 2795
162 158 244 199 236
692 153 777 195 DE
809 151 1033 194 RERUM
1067 150 1332 192 NATURA.
1683 151 1789 192 Lm.
1814 151 1863 193 V.

237 282 398 330 Nubes
423 299 514 328 esse
540 295 728 347 queunt,
769 299 915 346 neque
942 280 1082 346 pisces
1107 278 1260 325 vivere
1285 276 1332 324 in
1356 276 1500 333 atvis;
1769 294 1864 339 130

237 379 340 424 Nec
366 395 495 424 cruor
521 376 566 424 in
591 375 738 442 lignis,
777 393 925 440 neque
951 373 1060 422 saxis
1085 390 1230 429 sucuS‚
1271 371 1440 418 inesse:

239 474 442 527 Certum,
482 489 531 516 ac
558 469 825 534 dispositum
849 483 929 525 est,
968 466 1046 514 ubi
1071 465 1296 531 quidquid
1319 478 1500 523 crescat,
1537 449 1582 512 et
1607 463 1709 512 insit
1725 483 1741 510 ι

242 565 311 612 Sic
337 564 474 611 animi
499 579 654 611 nutura
679 563 837 628 nequit
861 562 953 609 sine
979 578 1164 626 corpore
1190 559 1292 606 oriri

244 658 358 714 Sola,
398 674 544 721 neque
570 674 594 701 a
620 655 764 702 nervis
790 635 835 702 et
860 654 1076 719 sanguine
1100 653 1280 718 longius
1304 671 1412 700 esse.

243 751 382 805 Quod
408 751 439 797 si
466 765 612 815 posset
637 749 773 805 enim,
815 748 960 795 multo
985 748 1106 814 prius
1133 748 1227 814 ipsa
1251 747 1390 795 animi
1415 747 1486 795 vis
1777 764 1833 810 13
1843 763 1868 807 5
1928 774 1931 776 ·

244 846 298 890 In
324 842 481 908 capite,
521 856 596 887 aut
621 840 833 898 humeris,
871 853 948 887 aut
975 840 1074 887 imis
1099 839 1310 898 calcibuS‚
1349 858 1443 887 esse

247 939 412 992 Posset,
451 948 494 980 et
520 932 686 980 innasci
713 935 801 997 qufi
826 932 893 979 Vis
920 932 965 979 in
990 946 1115 997 parte
1140 917 1299 980 soleret
1321 951 1332 979 :

248 1026 457 1081 Quamde
483 1025 529 1073 in
555 1026 718 1073 eodem
744 1025 929 1072 homine
954 1040 1089 1090 atque
1115 1025 1161 1073 in
1186 1025 1349 1073 eodem
1374 1043 1478 1073 vase
1504 1043 1699 1074 manere.

249 1120 387 1174 Quod
412 1119 627 1185 quoniam
654 1134 804 1167 nostro
829 1138 1013 1185 quoque
1038 1133 1211 1167 constat
1235 1137 1421 1185 corpore
1446 1134 1653 1177 certum;

249 1214 623 1280 Dispositumque
648 1213 842 1271 videtur,
881 1213 960 1260 ubi
985 1232 1093 1271 esse,
1132 1228 1177 1260 et
1202 1202 1410 1271 crescere,
1449 1214 1588 1279 possit
1782 1231 1877 1273 140

252 1313 456 1356 Seorsum
483 1307 644 1364 anima,
684 1322 817 1373 atque
844 1307 1048 1364 animus3
1086 1321 1211 1355 tanto
1236 1307 1378 1373 magis
1403 1307 1716 1366 inficiandum,

251 1407 423 1451 Totum
451 1420 578 1467 posse
603 1416 724 1449 extra
749 1421 925 1468 corpus,
965 1402 1248 1467 formamque
1274 1401 1531 1460 animalem,

255 1495 461 1543 Putribus
488 1495 532 1541 in
557 1494 698 1559 glebis
726 1508 954 1552 terrarum,
993 1508 1069 1540 aut
1095 1493 1196 1541 solis
1221 1493 1267 1541 in
1294 1494 1402 1560 igni,

261 1594 353 1637 Aut
378 1588 422 1635 in
448 1587 565 1653 aqu&
589 1588 760 1647 durare,
799 1603 875 1634 aut
901 1587 998 1635 altis
1023 1587 1195 1635 aetheris
1220 1587 1319 1635 oris.

258 1683 400 1731 Haud
426 1682 560 1748 igitur
585 1696 790 1730 constant
815 1683 971 1730 divino
997 1683 1180 1749 praedita
1206 1702 1352 1741 sensu,
1789 1700 1880 1748 145

259 1776 641 1842 Quandoquidem
667 1791 900 1842 nequeunt
925 1778 1118 1825 vitaliter
1142 1796 1234 1826 esse
1257 1779 1466 1827 animata.

328 1869 449 1916 Illud
474 1868 582 1915 item
609 1887 701 1915 non
726 1883 791 1915 est
815 1883 866 1916 ut
891 1870 1030 1934 possis
1055 1871 1246 1928 credere,
1285 1871 1410 1918 sedes

261 1964 369 2008 Esse
396 1961 533 2007 deum
558 1974 727 2006 sanctas
752 1959 798 2007 in
823 1961 983 2007 mundi
1009 1962 1206 2026 partibus
1231 1961 1362 2009 ullis:

262 2054 432 2101 Tenuis
457 2053 579 2100 enim
605 2066 761 2099 natura
785 2053 938 2112 desim,
977 2054 1202 2119 longeque
1230 2067 1402 2101 remota

235 2259 301 2287 Ver.
321 2266 386 2294 147.
419 2255 452 2284 In
469 2255 564 2293 putrid
577 2255 659 2292 glebcs
673 2253 795 2293 ofearth,
877 2253 893 2290 ]
918 2252 951 2280 In
976 2253 1023 2282 the
1101 2253 1195 2281 When
1212 2256 1272 2282 o'er
1282 2254 1329 2283 the
1339 2255 1480 2284 mountain
1496 2256 1575 2285 melts
1587 2255 1634 2284 the
1647 2255 1722 2294 gelid
1736 2265 1813 2284 snow

198 2310 281 2338 Latin
300 2314 370 2339 text,
392 2305 456 2334 thus
469 2316 475 2332 :
1099 2302 1171 2331 And
1188 2304 1293 2342 zephyr
1308 2303 1377 2332 frees
1392 2305 1440 2333 the
1449 2305 1620 2344 putridglebe
1634 2304 1734 2333 below.

275 2365 407 2394 Patribus
421 2363 447 2391 in
463 2363 550 2401 glebis
566 2370 777 2391 terrarum——-
875 2360 942 2389 Ver.
962 2369 1025 2398 143.

199 2426 261 2454 The
277 2434 348 2453 same
363 2423 452 2460 image
466 2431 564 2450 occurs
577 2421 604 2449 in
619 2420 726 2459 virgil:
1102 2411 1169 2440 Ver.
1189 2421 1197 2439 1
1205 2421 1221 2450 5
1226 2422 1253 2450 3.
1283 2413 1339 2441 For
1351 2413 1417 2442 their
1430 2413 1560 2442 immor-tal
1570 2419 1670 2446 nature,
1681 2413 1737 2451 fizr
1751 2411 1886 2448 remov’d]

321 2481 504 2519 -gelidus
517 2480 591 2509 canis
605 2491 667 2508 cum
683 2478 823 2507 montibus
837 2477 936 2506 humor
1064 2460 1128 2489 The
1151 2462 1231 2489 creed
1252 2462 1284 2490 of
1306 2463 1454 2500 Epicurus,
1475 2473 1503 2491 as
1526 2462 1541 2490 1
1560 2463 1628 2490 have
1649 2461 1744 2490 before
1759 2461 1891 2489 observed

241 2531 380 2569 Liquimn
403 2537 429 2559 et
444 2529 579 2568 Zephyro
587 2530 674 2569 pum-s
688 2539 715 2559 se
726 2528 800 2568 gleba
818 2527 938 2556 resoffit.
1065 2509 1232 2548 repeatedly‚
1257 2509 1315 2548 (see
1330 2511 1376 2539 the
1389 2512 1514 2549 prefixed
1529 2510 1595 2539 Life
1611 2509 1645 2538 of
1657 2509 1817 2543 Lucretius,
1837 2507 1891 2536 and

801 2566 928 2597 Ggom.
945 2566 963 2595 j,
978 2576 1028 2603 44,
1065 2557 1141 2587 Note
1155 2568 1191 2587 on
1207 2557 1287 2588 Book
1306 2557 1331 2587 1.
1347 2568 1372 2586 v.
1385 2567 1432 2597 57.
1446 2566 1476 2589 to
1490 2559 1539 2588 the
1552 2557 1634 2588 latter
1645 2556 1679 2586 of
1687 2556 1778 2586 which
1792 2556 1806 2584 1
1817 2563 1892 2584 more
