1986 2795
207 94 284 133 152
741 86 827 132 DE
858 85 1082 130 RERUM
1114 84 1382 129 NATURA.
1697 87 1802 130 Lm.
1824 89 1899 134 IV.

276 213 508 263 Solicitant
532 215 690 266 divom
715 228 938 264 nocturno
962 229 1165 280 tempore
1191 214 1330 271 lucos,

253 307 534 374 ¹Adcipitres
560 326 720 357 somno
744 308 792 356 in
817 308 907 356 leni
932 308 968 356 si
991 307 1142 374 praelia
1167 323 1430 372 pugnasque

276 401 420 450 Edere
446 414 563 461 sunt,
602 415 913 468 persectantes,
951 401 1148 466 visaeque
1173 400 1390 448 volantes.

345 592 495 647 Porro,
535 589 775 637 hominum
801 603 988 647 mentes,
1028 588 1201 654 magnis
1226 605 1328 652 quae
1352 586 1549 635 motibus
1573 587 1730 646 edunt,
1770 604 1897 650 1005

275 684 446 747 Magna
470 683 628 730 itidem
652 700 768 747 saepe
794 682 841 730 in
865 682 1031 730 somnis
1057 681 1333 747 faciuntque,
1371 695 1637 747 geruntque.

276 779 426 840 Reges
451 788 726 840 expugnant,
765 775 1019 841 capiuntur,
1057 775 1207 840 praelia
1230 774 1449 831 miscent;

275 866 320 911 T
320 864 468 912 ollunt
492 864 750 922 clamorem,
789 864 915 930 quasi
939 864 975 912 si
991 865 1262 930 jugulentur
1286 864 1495 912 ibeidem.

277 958 442 1007 Multei
467 959 745 1024 depugnant,
783 959 1070 1025 gemitusque
1096 959 1323 1007 doloribus
1348 960 1517 1016 edunt;

255 1057 349 1111 Et,
387 1052 512 1118 quasi
536 1053 764 1118 pantherae
789 1072 955 1112 morsu,
992 1054 1158 1102 saevive
1183 1054 1338 1112 leonis,
1775 1071 1903 1104 1010

276 1148 566 1205 Mandantur,
606 1147 779 1213 magnis
801 1146 1074 1195 clamoribus
1099 1147 1252 1194 omnia
1276 1147 1506 1213 conplent.

278 1239 445 1288 Multei
469 1240 524 1287 de
550 1240 722 1305 magnis
746 1258 827 1307 per
851 1259 1064 1288 somnum
1088 1240 1217 1287 rebus
1242 1240 1517 1305 loquuntur:

278 1334 545 1399 Indicioque
571 1333 637 1381 sui
664 1333 767 1381 facti
792 1353 969 1400 peraepe
996 1335 1133 1383 fuere.

281 1426 444 1474 Multei
471 1440 664 1473 mortem
688 1426 888 1474 obeunt:
928 1427 1102 1484 multei,
1141 1427 1197 1474 de
1223 1426 1451 1474 montibus
1477 1426 1573 1473 altis

280 1523 347 1566 Ut
372 1520 475 1585 quei
502 1519 783 1586 praecipitent
808 1520 863 1566 ad
889 1533 1064 1578 terram,
1104 1538 1288 1586 corpore
1315 1533 1410 1566 toto
1774 1540 1901 1584 1015

282 1615 608 1670 Exterruntur3
645 1627 690 1660 et
714 1632 768 1661 ex
793 1633 967 1673 somno,
1006 1614 1132 1680 quasi
1156 1613 1382 1662 mentibus
1407 1613 1566 1679 captci‚

283 1704 376 1752 Vix
399 1707 454 1753 ad
480 1726 524 1755 se
550 1707 752 1763 redeunt,
790 1708 1011 1774 permotei
1035 1708 1229 1774 corporis
1254 1720 1377 1756 aestu·
1409 1726 1411 1728 ·

353 1799 547 1846 Flumen
571 1799 696 1854 item,
735 1798 898 1858 sitiens,
937 1814 1013 1847 aut
1039 1800 1216 1848 funtem
1241 1813 1423 1866 propter
1447 1819 1683 1848 amoenum

285 1892 491 1950 Adsidet,
529 1905 573 1939 et
599 1905 747 1939 totum
772 1911 912 1959 prope
938 1893 1140 1942 faucibus
1164 1895 1361 1959 obcupat
1386 1911 1582 1941 amnem.

815 2019 1308 2038 m

258 2094 325 2122 Ver.
348 2103 428 2128 1030.
463 2093 540 2122 ‘Thea
555 2093 631 2121 what
645 2100 705 2121 vast
718 2093 774 2121 tcils
787 2104 880 2130 engage
900 2104 952 2121 men
967 2093 1043 2121 when
1123 2094 1216 2132 Urget
1230 2095 1350 2122 membra
1364 2093 1451 2131 quies,
1472 2100 1499 2121 et
1515 2104 1588 2122 mens
1603 2094 1658 2122 sine
1673 2095 1792 2133 ponder-e
1806 2094 1888 2128 ludit,

375 2142 455 2180 aslcep
465 2143 492 2178 J]
506 2141 593 2169 lbere
604 2152 686 2179 copy,
698 2141 767 2169 frorn
780 2142 826 2169 the
839 2141 956 2180 English
969 2152 1044 2169 com·
1123 2143 1267 2181 Qicquid
1282 2143 1342 2171 luce
1357 2142 1420 2175 fuit,
1435 2142 1553 2171 tenebris
1566 2143 1624 2181 agit
1637 2154 1644 2171 ε
1667 2143 1769 2181 oppida
1783 2143 1855 2172 bello

219 2196 357 2218 mentator
371 2201 444 2228 upon
460 2190 576 2219 Creech.
591 2190 638 2218 the
653 2190 796 2229 following
811 2200 898 2218 verses
913 2189 982 2217 from
995 2190 1045 2218 Pe·
1123 2191 1182 2230 Qi
1197 2191 1297 2228 quatit,
1319 2200 1346 2219 et
1361 2191 1474 2218 flammis
1489 2192 1650 2220 miserandas
1662 2192 1736 2220 saevit
1750 2193 1776 2220 in
1789 2192 1879 2226 urbes,

220 2239 335 2271 tronius,
357 2238 447 2266 which
469 2249 513 2266 are
533 2238 658 2265 adduced
679 2248 707 2266 as
727 2238 887 2275 containing
908 2248 923 2265 a
950 2237 1044 2275 happy
1122 2237 1193 2265 Tela
1208 2238 1293 2270 videt,
1309 2247 1449 2275 versasque
1461 2238 1541 2271 acies,
1556 2245 1583 2267 et
1598 2238 1693 2266 funera
1706 2248 1815 2276 regum,

220 2286 338 2326 analogy
354 2287 420 2315 with
435 2288 489 2316 this
504 2297 616 2325 passage
629 2287 654 2314 in
673 2287 820 2315 Lucretius
833 2297 840 2314 :
1124 2286 1224 2324 Atque
1239 2287 1406 2315 exundantes
1421 2286 1531 2325 perfuso
1546 2288 1677 2326 sanguine
1692 2297 1813 2325 campos.

261 2345 373 2374 Somnia
387 2355 447 2382 quae
463 2352 565 2373 mentes
579 2344 689 2377 ludunt,
704 2344 880 2372 volitantibus
895 2344 997 2371 umbris
1010 2356 1017 2377 ;
1085 2344 1148 2373 The
1163 2345 1256 2372 reader
1269 2355 1331 2382 may
1345 2352 1442 2382 accept
1457 2344 1490 2372 of
1501 2345 1548 2373 the
1566 2344 1710 2382 following
1724 2345 1826 2372 version
1840 2356 1848 2372 :

262 2393 326 2422 Non
341 2392 453 2421 delubra
468 2394 558 2426 deum,
573 2403 621 2421 nec
636 2393 670 2421 ab
685 2392 784 2421 aethere
800 2392 908 2420 numina
920 2392 1046 2425 mittunt,

1123 2404 1187 2432 The
1207 2405 1313 2432 dreams
1334 2405 1395 2432 that
1414 2404 1494 2432 cheat
1514 2414 1544 2431 us
1565 2403 1689 2442 through
1709 2403 1757 2431 the
1772 2403 1908 2442 midnight

263 2442 317 2470 Sed
338 2442 389 2469 sibi
410 2443 524 2481 quisque
539 2441 614 2471 facit.
656 2441 728 2470 Nam
745 2451 831 2480 quum
851 2447 988 2480 prostrata
1004 2450 1045 2469 so-

1261 2453 1346 2486 loom,

340 2501 405 2528 9⁰³
1126 2499 1184 2529 Not
1199 2463 1270 2529 froxgn
1283 2501 1330 2530 the
1345 2501 1426 2539 gods,
1441 2510 1472 2528 or
1484 2509 1591 2538 powers
1606 2498 1723 2528 ethei-eal
1738 2508 1832 2527 come:
