1986 2795
167 140 247 178 443
683 128 768 169 DE
804 126 1028 169 RERUM
1062 125 1330 168 NATURA.
1668 127 1776 171 Lm.
1798 129 1873 173 VI.

239 263 491 325 Propterea,
530 257 637 322 quia
661 269 950 313 concurrunt,
990 255 1181 302 sublime
1207 254 1424 312 volantes,

242 354 462 403 AEtherioe
488 353 643 410 nubes,
684 366 837 398 contra
864 349 1170 416 pugnantibus
1196 348 1356 396 ventis.

245 451 349 496 Nec
376 448 427 494 fit
453 447 576 494 enim
602 445 772 492 sonitus
798 444 902 491 coeli
929 445 983 490 (le
1011 457 1133 508 parte
1160 445 1341 498 serenfi;

246 545 438 598 Verum,
477 539 789 604 ubiquomque
818 538 957 602 magis
983 538 1121 583 denso
1147 551 1250 583 sunt
1276 536 1456 601 agmine
1481 537 1636 596 nubes,

248 638 368 683 Tam
396 634 535 698 magis
560 633 666 680 hinc
693 650 858 696 magno
886 631 1088 677 fremitus
1115 631 1167 677 s1t
1193 649 1424 678 murmure
1449 650 1580 697 saepe.
1789 649 1881 688 1Q0

321 732 548 784 Praeterea,
588 744 735 790 neque
762 739 856 771 tam
884 725 1112 771 condenso
1137 742 1322 790 corpore
1349 725 1490 772 nubes

253 825 359 869 Esse
385 832 573 885 queunt,
613 836 749 883 quam
777 831 880 864 sunt
907 816 1091 882 lapidee„
1131 835 1181 863 ac
1208 816 1359 881 tigna3
1398 835 1546 882 neque
1572 831 1724 865 autem

253 919 372 963 Tam
398 928 569 969 tenues,
609 930 747 976 quam
773 925 876 958 sunt
904 911 1093 968 nebulae,
1134 910 1383 975 fumeique,
1422 910 1639 959 volantes.

255 1012 382 1057 Nam
409 1008 564 1054 cadere
590 1020 666 1052 aut
691 1006 824 1052 bruto
850 1005 1064 1051 deberent
1089 1005 1288 1070 pondere
1315 1023 1487 1070 pressae,

257 1105 323 1148 Ut
348 1100 516 1165 lapides
539 1119 549 1154 ;
588 1112 677 1155 aut,
717 1112 767 1143 ut
793 1097 960 1154 fumus,
1000 1111 1200 1143 constare
1227 1096 1478 1161 nequirent,
1793 1118 1884 1162 105

257 1199 362 1243 Nec
388 1192 596 1240 cohibere
622 1191 764 1239 niveis
788 1190 972 1256 gelidas,
1011 1204 1056 1238 et
1080 1190 1305 1255 grandinis
1331 1190 1525 1239 imbreis,

329 1289 454 1334 Dant
478 1285 615 1332 etiam
640 1283 841 1331 sonitum
865 1282 1008 1348 patuli
1034 1301 1167 1348 super
1192 1301 1369 1348 aequora
1395 1282 1569 1341 mundi,

264 1379 484 1428 carbasus
509 1390 560 1423 ut
586 1376 832 1440 quondam,
873 1376 1045 1441 magnis
1072 1375 1246 1423 intenta
1270 1375 1465 1433 theatris,

265 1474 357 1519 Dat
383 1470 620 1534 crepitum,
659 1469 800 1515 malos
827 1468 940 1515 inter
957 1469 1137 1531 jactata,
1175 1468 1424 1533 trabesque.

266 1563 515 1619 Interdum,
555 1560 763 1626 perscissa
789 1560 895 1606 furit
920 1559 1224 1625 petulantibus
1249 1559 1377 1617 auris,

1801 1586 1820 1615 1
1835 1586 1852 1616 1
1864 1587 1894 1617 0

269 1661 328 1706 Et
353 1656 544 1722 fragileis
570 1655 739 1703 sonitus
764 1655 1017 1723 chartarum
1043 1655 1399 1713 commeditatur3

271 1753 326 1800 Id
350 1769 532 1818 quoque
557 1751 680 1798 enim
704 1768 846 1816 genus
872 1750 918 1798 in
944 1751 1112 1798 tonitru
1138 1768 1406 1816 cognoscere
1431 1752 1598 1817 possis:

270 1850 385 1903 Aut,
423 1844 500 1891 ubi
525 1844 815 1910 subspensam
840 1858 1027 1902 vestem,
1066 1845 1327 1910 chartasque
1352 1845 1583 1904 volanteis,

273 1937 546 1986 Verberibus
572 1937 723 1984 ventei
748 1951 942 1995 vorsant,
980 1938 1292 2003 planguntque
1318 1957 1398 2004 per
1421 1957 1560 1987 auras.

344 2031 419 2078 Fit
442 2049 625 2096 quoque
649 2031 771 2079 enim
796 2031 1036 2089 interdum,
1076 2050 1167 2079 non
1192 2045 1285 2080 tam
1309 2051 1570 2080 concurrere
1595 2036 1736 2085 nubes
1801 2060 1822 2090 1
1837 2061 1894 2108 15

250 2241 320 2270 Ver.
334 2249 382 2278 99.
416 2238 495 2267 When
522 2239 597 2267 borne
620 2239 729 2278 through
750 2240 832 2275 ether,
860 2239 944 2269 clouds
971 2238 1037 2268 with
1115 2237 1262 2277 Hovering
1276 2249 1291 2267 a
1306 2249 1398 2277 space,
1416 2240 1459 2269 tiu
1474 2241 1559 2270 winds
1573 2243 1620 2272 the
1635 2244 1721 2283 signal
1738 2245 1822 2281 blow,

369 2286 453 2315 clouds
469 2286 575 2314 contem!
1115 2286 1163 2315 To
1172 2288 1232 2326 join
1243 2287 1315 2317 their
1328 2289 1397 2318 dark
1411 2298 1562 2320 encounter
1575 2293 1601 2320 in
1617 2293 1672 2322 mid
1686 2295 1734 2322 air.

332 2336 375 2374 By
386 2335 471 2364 winds
480 2335 611 2373 adverse&
622 2335 713 2365 driven
723 2348 737 2370 ,-

216 2387 307 2421 effect,
321 2385 424 2414 Milton
438 2395 446 2412 ε

819 2337 834 2374 ]
848 2336 895 2364 To
906 2336 954 2364 the
965 2344 1037 2364 same
1576 2341 1650 2371 PAR.
1667 2342 1768 2378 Losr,
1789 2344 1818 2372 ii.
1836 2352 1899 2383 714.

1195 2470 1257 2498 O'er
1279 2469 1319 2499 the
1345 2471 1470 2510 throng'd
1486 2473 1586 2501 theatre
1665 2475 1680 2511 ]
1712 2474 1777 2502 The
1793 2475 1900 2503 Roman

257 2515 339 2542 With
367 2515 493 2543 heavcn’s
519 2514 638 2553 artillery
663 2515 788 2554 fraugffl,
823 2525 901 2544 come
927 2516 1041 2555 rattling
1078 2517 1198 2546 theatres
1213 2529 1281 2548 were
1297 2530 1369 2557 open
1390 2529 1418 2550 at
1440 2522 1488 2550 the
1509 2531 1569 2560 top,
1589 2524 1642 2552 and
1663 2524 1843 2559 occasionally
1858 2534 1903 2553 co-

374 2571 409 2588 on
1079 2565 1159 2593 vered
1180 2575 1244 2594 over
1258 2567 1325 2595 with
1340 2569 1460 2597 curtains
1478 2576 1510 2598 to
1524 2581 1614 2599 screen
1629 2571 1677 2599 the
1690 2571 1819 2600 audience
1832 2571 1903 2600 from

1080 2613 1129 2643 the
1141 2613 1206 2644 beat
1219 2614 1252 2644 of
1262 2616 1311 2645 the
1325 2627 1388 2647 sun.
1427 2618 1475 2648 On
1488 2619 1536 2650 the
1549 2618 1622 2649 form
1635 2620 1689 2650 and
1697 2619 1839 2651 luxurious
1850 2620 1903 2648 ele-

1114 2420 1183 2449 Ver.
1198 2431 1210 2449 1
1218 2431 1229 2450 1
1238 2430 1263 2451 1.
1283 2423 1326 2451 As
1334 2425 1372 2462 qs!
1379 2424 1490 2453 resound
1496 2424 1675 2464 theflickering
1683 2429 1796 2456 curlains
1804 2429 1901 2458 drawn
1982 2438 1986 2468 1

374 2475 479 2493 —as
493 2465 571 2494 when
587 2472 644 2494 two
658 2466 740 2494 black
755 2467 861 2501 clouds,
1981 2495 1984 2513 t

1980 2535 1983 2554 ι

258 2609 334 2638 Over
347 2608 393 2638 the
404 2608 533 2648 Caspian‚
548 2611 612 2640 then
628 2612 706 2641 stand
720 2611 795 2642 front
808 2618 839 2642 to
849 2611 924 2642 front
