1986 2795
168 141 249 177 384

700 131 785 173 DE
817 129 1041 172 RERUM
1074 126 1342 171 NATURA.

1695 128 1801 170 Lm.
1822 129 1873 171 V.

238 263 366 308 Nam
391 278 533 326 genus
559 261 828 318 humanum,
867 258 1094 306 defessum
1118 257 1166 303 vi
1191 256 1337 304 colere
1362 272 1523 313 aevom,

240 357 308 401 Ex
334 354 577 403 inimicitiis
603 355 873 420 languebat:
912 372 1006 419 quo
1031 352 1172 417 magis
1199 351 1349 417 ipsum

1746 367 1872 412 1145

240 452 410 515 Sponte
436 450 514 496 sua
538 448 701 497 cecidit
726 448 808 496 sub
834 447 969 512 leges,
1010 459 1191 511 artaque
1209 446 1326 509 jura.

240 543 403 591 Acrius
429 561 483 590 ex
509 542 572 591 ira
596 543 721 608 quod
747 541 870 589 enim
895 559 941 588 se
966 540 1156 606 quisque
1182 538 1364 605 parabat

240 637 424 695 Ulcisci,
464 656 602 702 quam
627 655 750 684 nunc
776 653 1040 683 concessum
1063 647 1132 681 est
1157 633 1332 699 legibus
1357 633 1510 699 aequis,

242 735 373 780 Hanc
400 732 458 779 ob
485 750 579 779 rem
604 746 669 779 est
695 730 901 778 homines
927 743 1168 796 pertaesum
1193 728 1240 775 vi
1265 727 1411 775 colere
1437 745 1599 775 aevom.

241 825 355 873 Inde
383 838 527 872 metus
555 825 749 872 maculat
774 843 1016 891 poenarum
1041 822 1223 890 praemia
1249 821 1383 869 vitae:

1750 839 1876 884 1150

242 916 536 965 Circumretit
561 917 685 964 enim
710 917 792 974 vis,
831 931 966 982 atque
992 915 1166 981 injuria,
1204 931 1463 980 quemque3

240 1015 412 1076 Atque,
453 1010 574 1057 unde
599 1024 751 1058 exorta
774 1023 854 1067 est,
894 1011 950 1056 ad
975 1028 1082 1057 eum
1108 1009 1379 1074 plerumque
1404 1005 1616 1053 revortit:

240 1104 344 1149 Nec
372 1101 500 1148 facile
525 1115 591 1148 est
616 1101 857 1167 placidam,
896 1119 947 1148 ac
974 1113 1196 1167 pacatam,
1235 1100 1397 1164 degere
1424 1097 1578 1154 vitam,

240 1192 334 1247 Qui
362 1192 500 1239 violat
527 1191 652 1239 factis
678 1191 923 1240 conmunia
948 1191 1120 1239 foedera
1143 1189 1279 1257 pacis.

242 1288 304 1334 Et
326 1286 360 1333 si
386 1285 499 1333 fallit
524 1285 648 1334 enim
673 1286 831 1334 divom
856 1304 999 1352 genus
1024 1285 1385 1350 humanumque,

1747 1302 1873 1349 1155

187 1372 191 1375 ¹
241 1386 465 1448 Perpetuo
491 1395 642 1429 tamen
669 1381 714 1428 id
740 1381 834 1429 fore
860 1382 979 1429 clam
1004 1380 1211 1428 diffidere
1237 1379 1401 1427 debet:

242 1475 428 1541 Quippe
455 1476 532 1522 ubi
557 1494 602 1522 se
629 1475 802 1532 multei,
842 1494 923 1542 per
947 1474 1121 1522 somnia
1144 1492 1261 1540 saepe
1286 1474 1536 1538 loquentes,

241 1573 341 1616 Aut
366 1567 525 1614 morbo
551 1567 800 1624 delirantes,
840 1581 1044 1633 protraxe
1071 1566 1295 1623 ferantur;

245 1667 320 1718 Et,
359 1659 498 1707 celata
524 1659 617 1716 diu,
657 1658 703 1706 in
728 1658 932 1706 medium
957 1671 1196 1724 peccatum
1221 1657 1407 1705 dedisse.

212 1865 278 1893 Ver.
299 1874 308 1892 1
319 1873 381 1901 171.
413 1864 507 1897 Hence,
521 1865 601 1892 easier
614 1862 663 1896 led,
677 1869 838 1901 spontaneom¹
852 1868 876 1889 to
890 1860 999 1898 theyoke

292 1914 333 1952 Of
339 1913 416 1951 equa!
437 1913 490 1940 rule
512 1912 567 1941 and
569 1913 671 1950 justice.
754 1912 768 1948 ]
795 1910 881 1943 Such,
907 1920 935 1938 as
955 1910 1002 1938 De

174 1963 312 1991 Coutures
326 1963 374 1990 has
386 1962 447 1991 well
461 1963 603 1995 observed,
615 1963 637 1990 is
652 1961 698 1989 the
713 1961 802 1998 origin
814 1959 847 1987 of
858 1960 904 1988 the
920 1959 1003 1988 social

172 2017 301 2047 compact
315 2010 454 2038 advanced
468 2011 506 2047 by
523 2010 613 2043 Plato,
629 2010 655 2037 in
668 2009 709 2037 his
720 2008 875 2037 celebrated
888 2007 1003 2045 Repub-

173 2058 219 2092 lic,
244 2059 291 2087 lib.
321 2068 367 2097 31.
411 2060 510 2088 “Cela
535 2070 562 2088 se
587 2059 730 2097 raporte,''
751 2068 813 2096 says
837 2057 885 2086 the
906 2058 1003 2090 baron,

173 2112 193 2126 “
209 2107 224 2136 a
238 2118 268 2136 ce
283 2118 336 2145 que
351 2108 391 2136 dit
409 2108 518 2141 Platon,
533 2119 586 2146 que
601 2109 638 2136 les
653 2109 776 2136 hommes
787 2113 870 2145 ayant
884 2106 1004 2145 eprouve

172 2157 211 2186 les
235 2157 354 2185 funestes
373 2158 456 2185 suites
479 2159 526 2186 des
547 2165 678 2196 eutr-ages
699 2157 781 2194 qu’ils
802 2156 909 2184 avoient
931 2156 1005 2189 faits,

173 2215 202 2236 et
224 2208 271 2235 des
290 2217 358 2235 ceux
375 2207 457 2244 qu’ils
471 2208 578 2235 avolent
603 2218 691 2244 recus,
712 2207 891 2235 chercherent
912 2218 948 2235 un
964 2217 1005 2235 re-

174 2257 251 2284 mede
273 2255 288 2283 a
302 2266 347 2283 ces
362 2255 495 2283 malheurs
510 2256 557 2293 qui
578 2256 746 2284 troubloient
762 2256 786 2284 le
802 2267 882 2294 repos
896 2256 929 2284 de
946 2256 1005 2285 leur

174 2306 235 2339 vie;
263 2305 299 2332 de
321 2311 394 2332 sorte
416 2304 500 2342 qu’ils
535 2306 737 2333 s’accorderent
764 2307 890 2334 entr’eux
919 2306 1003 2334 d’une

173 2354 290 2382 maniere
318 2364 372 2391 que
398 2363 531 2391 personne
556 2363 587 2381 ne
612 2353 654 2381 fut
676 2354 789 2388 offense,
811 2361 838 2382 et
866 2365 919 2392 que
943 2366 1003 2394 per-

173 2414 256 2431 sonne
279 2413 311 2431 ne
330 2403 361 2431 fit
380 2403 414 2430 de
434 2402 571 2431 violence:
595 2404 664 2431 c'est
685 2403 756 2437 del'a,
777 2405 870 2442 ajoute
888 2415 920 2433 ce
938 2415 1003 2443 sage

175 2454 349 2491 philosophe,
385 2464 438 2491 que
466 2453 504 2482 les
533 2453 588 2481 loix
617 2453 720 2492 prirent
741 2453 799 2482 leur
825 2454 943 2493 origine,
974 2463 1002 2484 et

173 2503 259 2538 qu'on
270 2501 308 2529 les
323 2512 431 2530 nomma
442 2503 474 2530 de
486 2504 573 2540 justes
588 2504 768 2541 preceptes.”

208 2596 275 2624 Ver.
294 2606 305 2624 1
313 2605 323 2624 1
331 2598 376 2633 76.

574 2600 600 2627 in
614 2598 680 2628 their
693 2599 808 2639 crqstiest
823 2607 873 2630 nets

1159 1862 1203 1900 Ost
1216 1859 1282 1889 their
1295 1871 1357 1889 own
1370 1872 1428 1890 sons
1444 1861 1665 1902 entangle,—-]
1681 1864 1714 1892 In
1729 1864 1777 1893 the
1791 1864 1874 1904 origi-

1044 1910 1097 1944 nal,
1113 1910 1179 1938 thus
1192 1921 1199 1938 z

1103 1958 1281 1988 circumretit
1295 1958 1366 1987 enim
1381 1959 1429 1994 vis,
1443 1965 1527 1997 atquc
1542 1959 1648 1998 injuria,
1667 1971 1814 2000 quemque.

1700 2011 1768 2039 Ver.
1789 2021 1800 2040 1
1809 2019 1871 2050 151.

1044 2057 1172 2085 Whence
1185 2057 1258 2086 ovid
1272 2069 1279 2086 ε

1123 2106 1220 2134 Fallite
1235 2105 1370 2141 fallentes,
1386 2118 1420 2136 ex
1435 2118 1534 2146 magna
1549 2115 1627 2147 parte
1641 2108 1788 2146 profanum

1125 2155 1197 2183 Sunt
1207 2166 1295 2194 genus
1306 2168 1314 2191 ς
1335 2158 1361 2185 in
1374 2157 1474 2196 laqueos
1488 2169 1550 2196 quos
1557 2165 1664 2197 posuere
1673 2158 1776 2188 cadant.

1622 2207 1710 2235 Ακτ.
1726 2207 1839 2237 Amoa.
1853 2206 1871 2236 i.

1105 2254 1228 2292 Outplot
1243 2255 1289 2284 the
1304 2255 1421 2294 plotters
1435 2267 1442 2285 :
1466 2256 1512 2285 ’tis
1525 2266 1541 2284 a
1555 2266 1615 2284 race
1630 2263 1702 2284 most
1716 2256 1766 2284 vile
1779 2267 1788 2290 ;

1104 2303 1161 2332 Let
1175 2304 1247 2332 their
1259 2315 1322 2333 own
1337 2315 1427 2334 snares
1440 2306 1483 2334 th’
1502 2305 1632 2334 accursed
1646 2315 1718 2334 crew
1731 2304 1851 2344 beguile.

1082 2362 1147 2391 The
1161 2374 1233 2392 same
1252 2365 1313 2393 idea
1334 2365 1355 2393 is
1369 2375 1508 2398 common,
1529 2375 1595 2393 even
1617 2371 1647 2393 to
1661 2375 1676 2392 a
1696 2364 1824 2403 proverb,
1842 2365 1869 2392 in

1043 2412 1141 2440 almost
1152 2423 1232 2450 every
1247 2413 1394 2452 lang-uage,
1406 2414 1517 2453 though
1532 2413 1715 2452 occasionally
1729 2413 1870 2452 expressed

1042 2461 1080 2498 by
1094 2471 1108 2488 a
1123 2460 1250 2490 different
1264 2463 1420 2500 metaphor.
1463 2463 1545 2492 Thus
1561 2462 1670 2491 Hesiod
1683 2473 1690 2491 ε

1080 2509 1119 2537 ‘Oi
1133 2522 1196 2547 αυτῳ
1208 2524 1276 2539 κακοι
1286 2524 1368 2548 τευχει
1382 2525 1436 2549 amp
1451 2519 1519 2540 αλλω
1533 2524 1602 2539 nam
1614 2520 1714 2547 τευχων·

1082 2558 1113 2587 Ἡ
1128 2558 1150 2588 Be
1165 2572 1228 2590 κακη
1241 2560 1317 2590 Coum
1331 2574 1363 2590 τω
1376 2563 1537 2596 &omna-am
1550 2573 1664 2589 ›tamo-‘rn-

1496 2609 1575 2638 On.
1592 2618 1631 2637 ετ
1645 2608 1786 2644 Βιεε,Α.
1802 2607 1865 2644 263.
