1986 2795
150 132 228 171 5045
656 120 739 163 DE
772 117 995 162 RERUM
1027 115 1294 159 NATURA.
1630 116 1736 159 Lm.
1760 117 1837 160 VI.

214 253 440 317 Denique,
479 269 574 298 cera
601 249 776 314 liquefit
802 248 848 295 in
873 248 967 312 ejus
992 258 1118 311 posta
1143 260 1323 308 vapore.
1737 249 1834 307 965

215 346 335 412 Ignis
361 346 466 392 item
494 344 718 410 liquidum
744 342 848 390 facit
872 361 943 399 aes,
982 357 1231 404 aurumque
1257 337 1466 394 resolvit;

214 445 278 488 At
305 440 419 488 coria
445 454 488 486 et
513 457 691 486 carnem
718 437 863 494 trahit,
902 449 946 483 et
971 433 1183 482 conducit
1210 432 1254 480 in
1281 451 1441 480 unum.

216 536 393 580 Humor
417 551 543 598 aquae
569 549 699 597 porro
726 530 890 577 ferrum
916 526 1133 574 condurat
1157 525 1212 572 ab
1238 524 1357 590 igni;

216 631 281 673 At
307 626 422 673 coria
447 640 491 672 et
516 642 692 672 carnem
719 621 879 678 mollit,
918 621 1072 667 durata
1097 619 1256 666 calore.

217 721 469 784 Barbigeras
493 719 684 765 oleaster·
699 735 753 763 eo
770 716 904 780 juvat
929 732 1072 780 usque
1097 713 1302 780 capellas,
1740 733 1840 780 970

215 815 392 861 Ecfluat
416 811 631 859 ambrosia
656 809 780 875 quasi
807 827 929 868 vero,
968 822 1013 856 et
1038 821 1228 867 nectare,
1267 807 1461 855 tinctus:

217 906 322 960 Qua
345 905 453 952 nihil
479 919 543 951 est
568 903 740 951 homini
765 903 890 968 quod
914 902 1104 950 amarius
1130 901 1336 948 frundeat
1361 915 1472 948 estu.

215 1000 440 1064 Denique,
479 999 782 1046 amaracinum
807 997 970 1063 fugitat
995 1015 1082 1054 sus,
1119 1011 1164 1045 et
1190 996 1319 1044 timet
1345 1014 1482 1044 omne

217 1097 543 1159 Unguentum3
582 1111 686 1140 nam
711 1091 907 1157 setigeris
930 1091 1065 1138 subus
1090 1109 1188 1138 acre
1214 1108 1445 1138 venenum
1472 1103 1552 1148 est,

216 1188 353 1241 Quod
378 1205 458 1234 nos
483 1184 709 1233 interdum
734 1198 968 1250 tamquam
994 1201 1186 1231 recreare
1211 1183 1405 1230 videtur.
1743 1201 1838 1247 975

215 1286 280 1328 At
305 1295 457 1328 contra
482 1280 607 1328 nobis
632 1298 820 1327 coenum
844 1279 1068 1326 teterrima
1091 1296 1234 1344 quom
1259 1277 1314 1325 sit

217 1375 468 1441 Spurcsties,
507 1375 662 1422 eadem
689 1374 839 1421 suibus
865 1373 960 1421 haec
987 1372 1157 1420 munda
1181 1371 1375 1429 videtur,

220 1467 524 1515 Insatiabiliter
550 1468 657 1514 totei
683 1481 732 1514 ut
757 1467 998 1514 volvantur
1024 1465 1234 1513 ibeidem.

288 1559 431 1606 Hocc’
459 1558 592 1606 etiam
618 1577 749 1624 super
773 1573 851 1616 est,
891 1559 986 1624 ipsa
1010 1577 1149 1624 quam
1173 1558 1320 1605 dicere
1346 1558 1401 1605 de
1427 1575 1472 1604 re

220 1652 484 1717 Adgredior,
524 1652 647 1716 quod
673 1651 921 1698 dicundum
948 1652 1068 1718 prius
1093 1669 1185 1699 esse
1211 1650 1404 1698 videtur.
1743 1653 1843 1713 980

220 1746 368 1793 Multa
395 1745 609 1792 foramina
634 1763 774 1810 quom
799 1745 929 1793 variis
954 1746 1040 1792 sint
1066 1746 1237 1793 reddita
1262 1745 1404 1804 rebus,

221 1840 436 1887 Dissimili
463 1840 575 1886 inter
600 1859 643 1886 sc
670 1841 823 1887 natura
848 1840 1031 1905 praedita
1056 1841 1222 1888 debent

224 1935 347 1989 Esse,
385 1946 428 1978 ct
454 1932 613 1979 habt-re
639 1951 764 1979 suam
789 1946 992 1980 naturam
1017 1952 1223 1999 quaeque,
1262 1933 1461 1999 viasque.

224 2025 407 2089 Quippe
433 2039 475 2071 et
501 2025 622 2072 enim
650 2025 781 2072 variei
807 2044 957 2073 sensus
982 2027 1280 2075 animantibus
1305 2027 1472 2086 insunt,

226 2120 433 2170 Quorum
459 2117 646 2181 quisque
672 2136 796 2164 suam
822 2118 998 2183 proprie
1025 2137 1118 2166 rem
1144 2120 1333 2186 percipit
1358 2121 1405 2168 in
1430 2139 1489 2168 se.
1745 2124 1804 2183 98
1814 2138 1854 2182 5-

229 2212 350 2256 Nam
378 2223 603 2273 penetrare
629 2210 714 2257 alio
739 2211 922 2269 sonitus,
961 2211 1136 2276 alioque
1162 2208 1365 2280 sap0rem

229 2302 467 2350 Cernimus
493 2321 516 2349 c
542 2303 668 2360 sucis,
707 2304 792 2351 alio
818 2304 982 2352 nidoris
1007 2304 1177 2353 odores.

228 2399 450 2454 Praeterea,
490 2415 665 2444 manare
691 2397 812 2445 aliud
836 2417 914 2464 per
939 2417 1037 2446 saxa
1063 2398 1252 2458 videtur,
