1986 2795
158 96 208 132 18
682 94 769 137 DE
799 94 1023 139 RERUM
1055 97 1320 142 NATURA.
1634 101 1744 146 Lm.
1762 103 1840 146 Ν.

227 221 300 273 Et,
338 233 508 282 quanto
533 220 701 268 circum
728 238 860 286 mage
884 235 986 269 sunt
1011 223 1181 270 inclusa
1205 223 1362 273 theatri

226 309 414 367 Moenia,
453 324 545 359 tam
572 312 710 378 magis
737 314 832 361 haec
858 314 992 373 intus,
1028 316 1206 381 perfusa
1230 317 1396 382 lepore,
1777 322 1840 368 80

227 402 394 448 Omnia
418 404 665 462 conrident,
705 408 916 471 consepta
941 406 1041 454 luce
1067 407 1168 455 diei.

227 499 348 559 Ergo
375 495 522 553 lintea,
562 498 617 544 de
642 516 821 546 summo
845 517 987 565 quom
1011 519 1198 566 corpore
1221 501 1379 550 fucum

224 587 432 646 Mittunt,
471 589 650 654 ecfigias
676 609 859 656 quoque
884 592 1049 640 debent
1074 593 1251 641 mittere
1277 595 1448 642 tenueis

226 685 320 728 Res
345 700 563 746 quaeque3
601 701 654 730 ex
679 702 859 732 summo
883 686 1098 750 quoniam
1114 686 1371 751 jaculantur
1395 702 1609 753 utraeque.

224 777 336 821 Sunt
362 775 495 840 igitur
512 777 609 840 jam
636 777 881 824 formarum
905 778 1091 843 vestigia
1115 794 1248 837 certa,
1778 785 1838 843 85

225 869 339 920 Quae
365 868 503 932 volgo
528 869 732 927 volitant,
771 870 922 917 subtili
947 871 1130 936 praedita
1155 872 1251 929 filo,

225 960 326 1006 Nec
353 959 610 1024 singillatim
636 977 821 1026 possunt
847 978 1011 1011 secreta
1035 963 1190 1011 videri.

295 1216 521 1273 Praeterea,
560 1216 705 1263 omnis
731 1217 855 1275 odos,
895 1218 1061 1275 fumuS,
1101 1235 1256 1283 vapor,
1293 1233 1428 1284 atque
1452 1220 1547 1268 aliae
1571 1239 1636 1268 res

229 1306 513 1365 Consimiles‚
552 1308 654 1355 ideo
679 1309 850 1364 diffusae
874 1311 1004 1356 rebus
1029 1310 1273 1369 abundant,

229 1402 300 1448 Ex
325 1401 430 1458 alto,
468 1401 585 1466 quia,
625 1402 736 1449 dum
761 1403 951 1450 veniunt
982 1403 1265 1462 extrinsecus,
1303 1419 1424 1462 ortae,
1779 1424 1843 1467 90

231 1491 502 1537 scinduntur
526 1509 604 1555 per
630 1490 710 1537 iter
735 1490 933 1548 flexum3
971 1510 1053 1538 nec
1079 1507 1197 1539 recta
1222 1493 1395 1540 viarum

230 1584 357 1631 Ostia
381 1598 498 1641 sunt,
536 1587 623 1648 quei
648 1585 929 1631 contendunt
953 1585 1070 1632 exire
1095 1599 1260 1633 coorta.

231 1680 296 1723 At
321 1690 487 1733 contra,
526 1676 671 1722 tenuis
697 1676 862 1723 summi
887 1677 1146 1723 membrana
1170 1676 1327 1723 coloris

234 1773 390 1824 Quom
409 1771 586 1834 jacitur,
626 1770 735 1816 nihil
761 1786 840 1827 est,
880 1771 1003 1835 quod
1029 1789 1128 1817 eam
1155 1770 1401 1836 discerpere
1425 1770 1592 1835 possit3

236 1867 288 1911 In
313 1878 527 1929 promptu
553 1863 768 1928 quoniam
793 1879 872 1921 est,
912 1863 956 1910 in
982 1863 1128 1928 prima.
1153 1863 1298 1910 fronte
1321 1863 1477 1909 locata.
1785 1883 1844 1925 95

305 1960 548 2013 Postremo,
587 1956 791 2022 speculi3‚
830 1957 875 2003 in
901 1959 1028 2022 aquit,
1068 1957 1392 2022 splendoreque
1417 1956 1462 2002 in
1487 1955 1626 2012 omni,

240 2048 587 2110 Quaequomque
613 2047 825 2111 adparent
850 2047 976 2094 nobis
1002 2048 1247 2105 simulacra,
1285 2065 1462 2094 necesse
1487 2061 1567 2103 est,

763 2170 1252 2186 m

212 2246 280 2273 Ver.
297 2245 343 2282 85.
524 2256 599 2281 every
614 2246 687 2282 olject
701 2246 785 2273 round
1034 2245 1112 2272 those
1126 2243 1160 2272 of
1175 2243 1258 2282 Spain
1273 2254 1374 2283 appear
1394 2251 1424 2273 to
1443 2244 1510 2272 have
1524 2244 1622 2283 copied
1642 2245 1699 2274 him
1713 2254 1788 2273 more
1801 2243 1854 2272 sre-

289 2292 398 2331 Laugbs
413 2292 480 2321 with
493 2304 510 2320 α
524 2293 610 2331 deeptr
620 2293 674 2330 dyc,
757 2294 772 2330 ]
790 2293 852 2321 Oui*
866 2300 931 2330 poet
946 2293 993 2321 has
1033 2291 1148 2330 quently
1170 2292 1236 2320 than
1261 2292 1310 2320 the
1336 2293 1417 2321 bards
1440 2291 1473 2320 of
1491 2303 1544 2330 any
1576 2292 1657 2321 other
1681 2300 1795 2331 tongue.
1837 2292 1851 2320 1

174 2343 280 2379 already
295 2340 449 2379 frequently
466 2340 597 2379 indulged
617 2340 729 2369 himself
745 2341 771 2368 in
792 2341 840 2369 the
861 2350 933 2368 same
947 2350 993 2368 au—
1032 2342 1100 2370 have
1118 2341 1227 2380 already
1240 2341 1321 2380 given
1339 2352 1372 2369 an
1387 2341 1510 2379 example
1524 2351 1555 2369 or
1568 2348 1626 2369 two
1639 2341 1710 2369 from
1723 2341 1806 2378 Lope
1820 2341 1854 2369 de

175 2391 267 2428 dacity
282 2389 315 2418 of
322 2390 476 2428 metaphur.
514 2390 565 2418 See
579 2389 654 2418 Note
671 2400 706 2417 on
723 2389 756 2417 B.
771 2390 790 2417 i.
805 2390 832 2418 8.
847 2390 900 2418 and
915 2389 949 2418 E.
964 2390 991 2417 ii.
1033 2391 1059 2420 la
1071 2391 1162 2429 Vega.
1193 2390 1229 2418 In
1242 2390 1385 2419 Garcilaso
1399 2391 1433 2419 de
1447 2390 1470 2418 la
1480 2391 1570 2429 Vega,
1584 2390 1631 2418 the
1646 2399 1718 2417 same
1731 2389 1854 2427 image-ry

176 2446 253 2478 5053
274 2439 337 2472 and,
358 2449 386 2467 as
410 2439 505 2467 Ihave
519 2438 626 2476 already
641 2439 782 2472 observed,
802 2438 836 2466 he
855 2439 904 2467 has
916 2437 993 2467 osten
1033 2450 1132 2469 occurs
1157 2438 1212 2467 still
1239 2449 1313 2468 more
1336 2439 1511 2478 frequently;
1532 2439 1586 2468 and
1608 2439 1635 2466 in
1651 2438 1799 2466 Francisco
1819 2438 1854 2466 de

175 2491 243 2518 been
258 2488 381 2516 imitated
395 2488 463 2516 with
478 2498 514 2516 no
535 2487 749 2517 inconsiderable
769 2498 876 2516 success
896 2489 934 2526 by
948 2489 996 2517 the
1037 2490 1130 2528 Borja,
1151 2499 1192 2517 we
1213 2495 1284 2517 meet
1305 2489 1372 2517 with
1393 2489 1441 2519 the
1469 2489 1623 2526 following,
1643 2487 1671 2517 in
1693 2496 1730 2516 an
1746 2486 1855 2525 elegant

175 2539 235 2566 best
259 2543 338 2575 poets
358 2535 391 2565 of
401 2543 473 2566 most
487 2537 594 2566 nations
615 2537 642 2566 in
655 2537 768 2567 modern
789 2537 924 2576 Europe3
945 2538 996 2567 but
1037 2545 1133 2568 sonnet
1147 2545 1178 2567 to
1193 2537 1263 2567 Tus
1281 2537 1363 2567 Ros!
1379 2550 1384 2566 :
