1986 2795
198 126 274 162 124
686 156 688 159 .
733 120 821 162 DE
852 119 1076 162 RERUM
1108 119 1375 162 NATURA.
1683 123 1786 166 Lm.
1808 124 1884 166 lv.
1910 182 1913 186 r

268 249 520 314 Prospicere
547 263 595 294 ut
622 248 873 313 possimus;
911 262 969 305 et,
1010 262 1059 294 ut
1085 246 1279 313 proferre
1305 246 1399 293 via'i

267 346 472 391 Proceros
499 362 663 409 passus,
703 343 803 389 ideo
831 341 1001 406 fastigia
1027 359 1154 406 posse
1788 348 1882 409 825

265 440 473 484 Surarum
499 455 548 483 ac
575 436 810 492 feminum,
851 434 1038 500 pedibus
1065 432 1264 489 fundata,
1303 431 1455 496 plicari
1473 451 1487 479 t

262 530 448 576 Brachia
473 544 570 576 tum
598 548 743 595 porro,
783 528 938 575 validis
965 546 1016 575 ex
1042 540 1144 592 apta
1170 525 1355 580 lacertis,

264 624 373 670 Esse
399 641 647 687 manusque
673 623 808 679 datas,
847 623 1034 686 utrfique
1060 639 1084 667 a
1108 633 1232 685 parte
1257 618 1494 678 ministras,

262 717 329 762 Ut
354 716 497 763 facere
522 716 578 762 ad
604 716 744 762 vitam
768 733 998 780 possemus
1024 733 1125 779 quae
1147 714 1265 761 foret
1291 732 1408 761 usus.

262 812 433 856 Caetera
457 810 512 856 de
536 826 697 874 genere
722 809 823 866 hoe,
863 807 976 855 'mter
1000 825 1336 873 quaequomque
1361 820 1604 872 pretantur,
1787 814 1886 873 830

262 902 434 950 Omnia
458 904 666 967 pervorsa
691 915 956 967 praepostera
981 914 1084 948 sunt
1109 900 1278 947 ratione
1299 919 1310 947 ε

263 1004 391 1051 Nihil
418 1003 519 1050 ideo
544 1002 760 1068 quoniam
785 1016 943 1050 natum
968 1016 1032 1050 est
1058 1002 1103 1049 in
1128 1019 1334 1067 corpore,
1367 1016 1418 1049 ut
1443 1001 1509 1050 uti

261 1106 526 1158 Possemus3
564 1101 656 1159 sed,
694 1101 819 1166 quod
844 1113 1001 1147 natum
1026 1113 1105 1158 est,
1145 1099 1191 1146 id
1215 1114 1418 1166 procreat
1442 1119 1594 1150 usum.

261 1199 363 1244 Nec
389 1196 474 1243 fuit
499 1209 601 1243 ante
626 1195 783 1243 videre
802 1195 1040 1242 oculorum
1064 1194 1238 1243 lumina
1261 1209 1394 1253 nata;

262 1294 363 1339 Nec
389 1290 516 1338 dictis
541 1308 663 1337 orare
687 1290 823 1355 prius,
863 1307 1001 1354 quam
1025 1288 1179 1353 lingua
1204 1302 1348 1336 creata
1371 1301 1464 1336 est:
1661 1330 1664 1331 γ
1787 1289 1883 1350 835

262 1384 352 1432 Sed
376 1383 524 1449 potius
550 1383 684 1447 longe
708 1382 874 1447 linguae
899 1380 1118 1446 praecessit
1143 1381 1269 1446 origo

262 1481 551 1533 Sermonem3
590 1475 826 1540 multoque
851 1488 1005 1522 creatae
1030 1488 1133 1522 sunt
1157 1474 1277 1540 prius
1302 1492 1441 1532 aures,

263 1574 416 1625 Quam
441 1588 574 1617 sonus
598 1582 662 1616 est
688 1568 892 1625 auditus;
929 1582 974 1615 et
996 1568 1148 1616 omnia
1171 1567 1366 1633 denique
1391 1568 1593 1616 membra

266 1668 388 1711 Ante
414 1662 552 1720 fuere,
589 1674 639 1708 ut
665 1660 838 1726 opinor,
877 1677 1033 1706 eorum
1059 1677 1197 1724 quam
1222 1659 1339 1707 foret
1363 1678 1497 1707 usus:

266 1756 400 1804 Haud
425 1754 560 1820 igitur
584 1767 769 1820 potuere
794 1751 956 1799 utundi
981 1769 1173 1799 crescere
1198 1753 1362 1799 caussfi.
1792 1758 1886 1814 840

334 1854 399 1896 At
424 1860 578 1895 contra
601 1846 800 1894 conferre
826 1863 961 1892 manu
988 1843 1229 1891 certamina
1252 1861 1434 1909 pugnae,

271 1945 324 1989 Et
349 1941 536 1988 lacerare
561 1951 693 1996 artus,
731 1937 970 2002 fedareque
995 1935 1196 1983 membra
1220 1953 1390 1993 cruore,

269 2040 390 2082 Ante
417 2032 501 2079 fuit
526 2031 686 2089 multo,
725 2048 862 2096 quam
886 2028 1036 2076 lucida
1060 2028 1147 2075 tela
1171 2028 1401 2076 volarent:

270 2131 331 2176 Et
350 2127 512 2174 volnus
537 2123 678 2172 vitare
701 2123 821 2189 prius
846 2135 1002 2170 natura
1026 2122 1189 2187 coegit,

269 2223 421 2274 Quam
445 2217 567 2264 daret
592 2215 822 2280 objectum
845 2216 1019 2278 parma'i
1044 2213 1156 2260 laeva
1179 2231 1260 2278 per
1283 2225 1446 2259 artem„>
1789 2221 1815 2266 8
1819 2235 1885 2281 45

201 2425 232 2450 bc
249 2420 394 2458 employed
415 2426 445 2447 to
467 2417 515 2446 the
539 2417 599 2445 best
621 2416 772 2453 advantage
797 2413 830 2443 of
841 2414 932 2442 which
955 2414 977 2442 it
1002 2414 1024 2442 is
1063 2414 1187 2453 Against
1208 2416 1276 2444 such
1297 2415 1498 2454 philosophus,
1521 2416 1568 2444 the
1581 2423 1726 2455 argument
1740 2416 1762 2445 is
1775 2415 1890 2448 sorcible

199 2469 331 2507 capable;
352 2463 480 2496 and't'nat
495 2466 530 2494 its
544 2464 608 2498 real,
623 2464 676 2492 and
690 2470 762 2492 most
776 2463 952 2501 appropriate
967 2473 1023 2497 use,
1063 2464 1116 2492 and
1130 2464 1292 2502 ingenious:
1316 2465 1424 2503 against
1447 2465 1525 2495 those
1549 2464 1582 2494 of
1602 2475 1656 2504 any
1674 2466 1756 2495 other
1778 2477 1889 2505 pet-suae

200 2518 254 2545 like
275 2527 353 2554 every
368 2517 448 2545 other
462 2515 531 2543 kind
544 2513 578 2542 of
595 2512 772 2551 knowledge,
792 2513 814 2540 is
838 2512 916 2541 alone
936 2519 967 2540 to
990 2512 1025 2540 be
1064 2512 1122 2541 sion
1136 2513 1158 2541 it
1172 2512 1227 2541 will
1241 2519 1289 2542 not
1303 2511 1396 2550 apply.

201 2566 364 2596 ascertaincd
397 2566 434 2603 by
469 2563 615 2598 imitation,
644 2562 822 2601 experiment‚
853 2561 905 2591 and
934 2560 1021 2590 habit.
