1986 2795
148 157 229 198 2‘26
674 151 759 193 DE
791 148 1014 192 RERUM
1047 147 1314 190 NATURA.
1659 144 1766 188 Lm.
1787 144 1841 187 V.

220 280 453 348 Expulerit
479 278 622 337 dictis,
661 296 753 326 non
778 277 924 335 armis,
964 294 1113 324 nonne
1139 275 1333 332 decebit,

221 382 358 426 Hunc
384 376 618 425 hominem
646 392 835 422 numero
861 373 1019 420 divom
1044 370 1263 436 dignarier
1288 371 1416 417 esse?

225 476 380 526 Quom
406 472 519 518 bene
546 468 786 536 praesertim
814 467 970 523 multa,
1008 483 1057 512 ac
1084 463 1314 522 divinitus,
1354 462 1460 529 ipsis

224 570 327 634 Jam
354 565 627 622 mortalibus,
666 582 689 610 e
716 561 844 618 divis,
885 560 986 606 clare
1012 557 1130 604 dicta
1155 556 1305 614 s'uerit,

228 663 383 724 Atque
409 675 592 704 omnem
619 673 767 703 rerum
792 666 994 701 naturam
1020 650 1216 717 pandere
1242 649 1387 698 dictis.
1792 668 1851 713 55

299 751 473 805 Quoius
499 767 583 814 ego
610 748 826 812 ingressus
852 743 1052 808 vestigia,
1092 742 1204 789 dum
1230 742 1420 790 rationes

234 849 473 909 Persequor
494 864 504 898 3
542 860 590 888 ac
617 841 757 887 doceo
783 837 926 895 dictis,
963 854 1056 901 quo
1081 854 1273 902 quaeque
1299 849 1447 884 creata

234 939 418 987 Foedere
444 937 543 994 sint,
583 935 627 982 in
653 952 708 981 eo
733 950 869 998 quam
895 930 949 978 sit
974 930 1130 978 durare
1157 948 1423 988 necessum;

233 1034 334 1078 Nec
361 1029 525 1076 validas
551 1027 727 1074 valeant
752 1025 836 1072 aevi
861 1023 1108 1072 rescindere
1134 1024 1269 1088 leges.

232 1127 338 1176 Quo
362 1139 522 1187 genere
550 1121 594 1167 in
619 1119 772 1186 primis
798 1117 934 1165 animi
959 1131 1115 1165 natura
1138 1130 1313 1183 reperta
1336 1130 1420 1177 est,
1791 1125 1856 1170 60

231 1215 404 1264 Nativo
429 1214 625 1280 primum
652 1213 887 1260 consistere
913 1230 1098 1278 corpore
1125 1225 1272 1270 creta3

232 1312 334 1357 Nec
360 1326 486 1374 posse
512 1307 785 1354 incolomem
810 1324 1031 1371 magnum
1055 1306 1212 1354 durare
1237 1324 1318 1373 per
1342 1325 1490 1355 aevom
1511 1327 1524 1354 z

235 1404 319 1450 Sed
345 1403 576 1449 simulacra
600 1402 737 1448 solere
764 1401 809 1448 in
833 1400 998 1447 somnis
1024 1400 1175 1448 fallere
1200 1415 1418 1460 mentem,

236 1499 425 1542 Cernere
451 1513 592 1560 quom
617 1493 850 1541 videamur
874 1512 995 1552 eum,
1033 1513 1173 1559 quem
1197 1494 1290 1542 vita
1314 1495 1508 1561 reliquit.

304 1590 443 1642 Quod
469 1593 599 1654 super
623 1602 702 1646 est,
742 1607 861 1635 nunc
888 1589 976 1636 huc
1001 1589 1180 1636 rationis
1206 1589 1368 1636 detulit
1393 1589 1519 1647 ordo,
1795 1595 1855 1652 65

239 1686 302 1729 Ut
329 1682 438 1729 mihi
464 1682 637 1729 mortali
664 1684 897 1730 consistere
923 1702 1107 1750 corpore
1133 1684 1377 1742 mundum,

239 1777 552 1841 Nativumque
575 1777 722 1834 simul,
761 1778 868 1825 ratio
894 1779 1124 1826 reddunda
1149 1778 1216 1836 sit,
1258 1796 1378 1826 esse:

238 1875 314 1929 Et,
353 1871 514 1936 quibus
541 1871 614 1918 ille
641 1872 783 1918 modis
809 1890 1064 1937 congressus
1091 1872 1293 1920 materia'i

240 1964 450 2011 fundarit
477 1978 650 2022 terram,
690 1964 873 2020 coelum,
915 1983 1047 2023 mare,
1086 1965 1242 2023 sidera,
1280 1966 1435 2024 solem,

241 2061 479 2123 Luna‘sque
504 2059 721 2123 globum:
760 2073 873 2116 tum,
911 2077 1010 2123 quae
1036 2059 1193 2106 tellure
1219 2059 1464 2107 animantes
1799 2080 1860 2127 70

242 2151 526 2208 Exstiterint3
564 2167 622 2210 et,
662 2171 761 2217 quae
787 2152 913 2200 nullo
939 2152 1022 2199 sint
1049 2165 1250 2218 tempore
1276 2168 1418 2201 natae:

213 2353 277 2381 Ver.
295 2353 340 2390 55³.
374 2355 444 2381 Sinn-
466 2354 499 2391 ⁰s
518 2352 671 2386 dumi-dves,
702 2362 750 2388 100,
780 2354 837 2383 and
859 2356 884 2382 in
914 2355 996 2382 strain
1077 2355 1108 2382 In
1125 2354 1217 2382 anthe
1232 2365 1357 2383 common
1370 2356 1496 2391 editions,
1519 2367 1558 2385 we
1575 2363 1645 2385 meet
1661 2355 1727 2384 with
1743 2356 1789 2386 the
1803 2367 1864 2395 pas-

288 2403 401 2439 ‹livine‚]
432 2403 444 2429 1
471 2402 532 2430 read
549 2402 614 2430 with
631 2402 687 2430 Mr.
704 2404 872 2437 Wakefield,
893 2404 955 2432 who
975 2404 995 2431 is
1036 2413 1099 2441 sage
1115 2403 1198 2431 thus:

177 2452 329 2479 sauctioned
343 2452 380 2489 by
395 2451 492 2479 almost
506 2451 540 2479 all
555 2451 602 2480 the
615 2452 723 2481 ancient
741 2453 893 2487 collatioris,
909 2464 932 2481 v-
949 2463 996 2492 53.
1095 2464 1167 2492 Cum
1182 2465 1250 2493 bene
1265 2467 1413 2502 praesertim
1429 2468 1525 2500 musta,
1540 2478 1571 2496 ac
1586 2467 1714 2496 divinitus
1727 2466 1792 2505 ipsis

234 2521 328 2558 Qom
344 2520 410 2547 bene
425 2519 571 2557 praeseffim
586 2519 682 2554 multa,
696 2531 727 2548 ac
741 2521 880 2555 divinitus,
893 2521 958 2560 ipsis
1096 2513 1279 2542 Immortalibu'
1295 2515 1324 2543 de
1338 2516 1415 2550 divis,
1429 2517 1494 2545 dare
1507 2517 1580 2545 dicta
1595 2516 1687 2545 suerit.

237 2566 294 2601 Jam
310 2565 476 2601 mortalibus,
491 2577 504 2595 e
516 2567 593 2601 divis,
607 2567 670 2596 dare
686 2568 759 2598 dicta
774 2569 866 2597 siierit.

861 2616 877 2644 S

1077 2578 1140 2607 The
1156 2579 1312 2609 translatoris
1325 2581 1402 2616 have,
1417 2581 1443 2609 in
1454 2581 1574 2620 general,
1589 2581 1715 2611 followed
1728 2582 1775 2611 the
1789 2592 1863 2612 com-
