1986 2795
125 146 205 185 514
655 135 742 179 DE
771 135 996 178 RERUM
1029 135 1296 178 NATURA.
1621 136 1725 178 Lm.
1747 134 1827 177 VI.

200 263 490 332 Disperttitur,
526 278 578 312 ut
603 265 784 322 horror;
821 278 865 312 et
890 263 1051 312 incutit
1076 262 1181 310 inde
1205 275 1447 310 tremorem
1466 280 1481 310 τ

202 361 357 426 Frigus
383 360 490 420 utei,
529 374 699 408 nostros
727 360 906 427 penitus
929 376 1071 423 quom
1097 356 1223 404 venit
1249 355 1294 403 in
1319 369 1451 414 artus,

202 454 433 511 Concutit,
473 453 636 501 invitos
662 471 827 519 cogens
853 467 1054 509 tremere,
1093 465 1227 515 atque
1253 466 1454 497 movere.

209 549 410 615 Ancipiti
435 549 658 615 trepidant
685 549 818 613 igitur
844 562 1004 594 terrore
1030 563 1109 612 per
1133 543 1308 599 urbeis;
1729 559 1794 606 59
1800 561 1825 605 5

206 648 350 692 Tecta
375 661 563 709 superne
590 642 765 698 timent,
804 653 1014 687 metuunt
1039 639 1211 686 inferne
1236 654 1443 684 cavernas

209 741 368 786 Terra's
394 756 449 785 ne
474 736 685 783 dissolvat
710 737 886 782 Natura
912 746 1121 799 repente3

210 833 319 878 Neu
347 829 550 877 distracta
574 848 707 876 suum
732 829 818 875 late
844 827 1078 893 dispandat
1102 826 1293 883 hiatum,

214 923 358 986 quue
385 921 472 967 suis
497 920 682 967 confusa
705 919 817 967 velit
841 918 1050 984 conplere
1076 916 1226 965 ruinis.

161 1054 165 1057 ,
213 1014 419 1071 Proinde,
459 1014 562 1061 licet
586 1032 723 1079 quam
748 1013 829 1072 vis,
868 1013 1040 1060 coelum
1065 1026 1315 1076 terramque
1348 1023 1524 1058 reantur
1739 1013 1836 1057 600

214 1111 488 1173 Inconrupta
514 1107 623 1165 fore,
661 1121 834 1156 aeternae
859 1107 1070 1154 mandata
1092 1106 1260 1153 Saluti:

217 1203 279 1249 Et
305 1214 455 1248 tamen
480 1200 706 1248 interdum
733 1218 921 1266 praesens
947 1199 1013 1246 vis
1039 1199 1133 1265 ipsa
1158 1197 1310 1264 pericli

218 1295 422 1342 Subditat
447 1295 569 1342 hunc
598 1294 848 1351 stimulum,
886 1292 1082 1357 quadam
1107 1291 1162 1338 de
1190 1304 1327 1356 parte,
1365 1290 1563 1347 timoris;

219 1391 298 1436 Ne
323 1388 512 1454 pedibus
537 1387 700 1453 raptim
725 1387 856 1434 tellus
882 1386 1123 1433 substracta
1148 1384 1312 1431 feratur

223 1486 278 1530 In
301 1480 573 1537 barathrum,
613 1497 850 1544 rerumque
876 1492 1084 1543 sequatur
1108 1478 1284 1543 prodita
1308 1495 1486 1525 summa
1710 1533 1713 1535 ,
1745 1481 1806 1524 60
1811 1494 1841 1538 5

225 1573 460 1631 Funditus,
497 1586 541 1620 et
566 1573 644 1620 fiat
669 1572 827 1620 mundi
852 1571 1039 1619 confusa
1063 1571 1202 1619 ruina.

294 1667 436 1712 Nunc
461 1664 572 1712 ratio
597 1664 842 1722 reddunda,
881 1656 1077 1729 augmen
1102 1682 1219 1728 quur
1243 1663 1408 1710 nesciat
1433 1680 1597 1727 aequor.

227 1757 467 1822 Principio,
505 1775 624 1804 mare
650 1756 868 1804 mirantur
889 1775 982 1804 non
1007 1757 1188 1804 reddere
1218 1756 1360 1821 majus

226 1853 468 1906 Naturam,
505 1865 598 1912 quo
623 1847 678 1894 sit
702 1860 850 1895 tantus
875 1848 1084 1895 decursus
1108 1867 1340 1915 aquarum,

233 1941 405 1991 Omnia
427 1958 520 2005 quo
544 1939 726 1987 veniant
750 1959 804 1987 ex
828 1941 954 1988 omni
979 1942 1167 1989 flumina
1191 1956 1329 2007 parte.
1752 1945 1853 1989 610

235 2035 370 2082 Adde
394 2050 532 2098 vagos
557 2032 750 2091 imbreis,
788 2046 1161 2099 tempestatesque
1186 2034 1433 2090 volanteis;

236 2127 403 2175 Omnia
429 2145 529 2192 quae
556 2126 705 2185 maria,
744 2145 793 2175 ac
818 2140 964 2187 terras,
1003 2142 1307 2194 sparguntque
1332 2128 1566 2193 rigantque
1583 2146 1600 2174 t

214 2425 280 2453 Ver.
297 2423 332 2452 62
337 2432 363 2461 ς.
398 2423 492 2452 Down
513 2422 637 2462 plunging
662 2421 783 2460 headloug
809 2430 834 2451 to
860 2422 897 2451 tb'
925 2421 998 2459 abyss
1036 2433 1149 2462 appears
1163 2425 1237 2459 idle;
1258 2427 1310 2455 but
1324 2426 1371 2455 the
1385 2435 1471 2454 verses
1491 2434 1536 2453 arc
1549 2423 1611 2453 well
1628 2423 1718 2453 worth
1738 2422 1857 2462 quoting

291 2475 402 2511 belona]
437 2474 589 2503 Lambinus
613 2475 793 2513 conjectura,
816 2474 877 2502 that
897 2474 924 2502 in
945 2472 999 2501 this
1038 2471 1081 2500 for
1094 2482 1109 2500 a
1122 2473 1314 2510 comparison:

180 2529 241 2559 part
255 2522 286 2549 of
297 2522 339 2549 his
353 2522 526 2556 delineation,
546 2532 598 2550 our
611 2529 678 2560 poet
691 2522 746 2550 had
760 2522 802 2549 his
815 2532 865 2559 eye
878 2520 999 2550 directed
1232 2535 1309 2560 au‘toeq
1325 2524 1388 2560 nepot
1399 2521 1536 2551 Ποσειῧαων
1550 2522 1637 2556 ετιναξε

185 2580 214 2600 to
237 2571 283 2600 the
304 2570 444 2610 following
460 2581 546 2602 verses
559 2570 593 2601 of
604 2571 723 2601 Homer.
763 2571 828 2601 The
844 2571 1000 2609 conjecture
1117 2573 1193 2598 Γαιαν
1205 2581 1346 2608 amoto-mv,
1365 2582 1427 2607 ορεων
1440 2572 1461 2597 τ)
1474 2581 1570 2599 oum-mov
1583 2580 1719 2605 καρηνα-,
