1986 2795
161 84 214 119 20
686 81 772 123 DE
803 82 1036 125 RERUM·
1058 83 1322 126 NATURA.
1640 86 1743 129 Lm.
1767 87 1841 129 IV.

240 206 619 270 Quandoquidem
645 207 777 254 simili
802 207 948 272 specie
972 221 1074 255 sunt
1099 208 1281 273 praedita
1303 225 1466 266 rerum,

240 297 344 341 Esse
369 294 413 341 in
440 295 706 360 imaginibus
722 297 871 344 missis
896 297 1131 344 consistere
1155 315 1326 345 eorum.

240 389 377 444 Nam,
415 406 531 452 quur
552 388 626 434 illa
650 390 807 436 cadant
832 389 987 454 magis,
1026 390 1080 436 ab
1106 391 1324 454 rebusque
1349 391 1569 448 recedant,
1597 431 1600 435 .
1749 411 1844 442 100

236 482 448 544 Corpora,
486 498 551 525 res
576 480 729 527 multae
754 499 854 545 qua:
880 481 1064 528 mittunt
1088 499 1272 546 corpore
1296 495 1462 546 aperto,

236 573 387 624 Quam
413 590 512 635 quae
538 573 686 619 tenuia
712 587 828 631 sunt,
867 574 1071 622 hiscundi
1095 588 1160 621 est
1184 574 1308 621 nulla
1330 589 1543 640 potestas.

235 667 345 710 Sunt
371 664 506 729 igitur
530 678 683 712 tenues
710 666 967 724 formarum,
1006 667 1340 732 dissimilesque,

236 758 446 822 Ecfigies,
486 758 742 823 singillatim
766 777 874 823 quas
900 777 1076 806 cernere
1102 777 1237 806 nemo

234 849 390 899 Quom
414 848 564 912 possit,
603 862 767 904 tamen,
805 847 989 895 adsiduo
1013 849 1256 914 crebroque
1281 851 1460 915 repulsu
1749 872 1839 916 105

232 939 444 1002 Rejectae,
483 940 674 987 reddunt
699 941 983 1006 speculorum
1008 959 1061 988 ex
1087 960 1261 1006 aequore
1285 942 1433 990 visum
1455 962 1466 990 ε

231 1034 335 1078 Nec
361 1033 526 1079 ratione
551 1033 634 1079 alia
658 1034 818 1080 servari
845 1051 970 1098 posse
997 1034 1205 1081 videntur

232 1128 381 1172 Tanto
407 1144 554 1192 opere,
594 1140 643 1172 ut
667 1125 831 1173 similes
856 1126 1093 1174 reddantur
1117 1126 1315 1192 quoique
1340 1127 1509 1192 figurae.

300 1312 442 1356 Nunc
467 1328 563 1375 age,
601 1329 739 1375 quain
764 1310 887 1357 tenui
912 1311 1066 1356 natura
1090 1324 1261 1357 constet
1288 1310 1452 1376 imago,

234 1403 415 1467 Percipe
437 1423 446 1458 ;
484 1417 528 1449 et
554 1403 599 1450 in
624 1403 791 1468 primiS,
829 1402 1043 1468 quoniam
1069 1403 1309 1468 primordia
1334 1416 1511 1452 tantum
1749 1424 1767 1452 1
1784 1422 1842 1451 10

235 1498 349 1542 Sunt
374 1494 487 1541 infra
511 1509 679 1541 nostros
705 1514 868 1551 sensus,
908 1509 1121 1559 tantoque
1147 1495 1331 1552 minora,

234 1591 385 1642 Quam
410 1607 510 1653 quae
535 1589 733 1654 primum
758 1589 902 1636 oculei
927 1604 1128 1654 coeptant
1152 1607 1242 1636 non
1269 1607 1395 1654 posse
1421 1589 1548 1636 tueri.

237 1684 281 1728 N
284 1699 372 1728 unc
397 1695 562 1738 tamen,
601 1682 645 1728 id
670 1701 852 1747 quoque
876 1682 969 1729 utei
994 1682 1288 1739 conformem,
1326 1681 1503 1729 exordia
1529 1700 1675 1729 rerum

234 1778 511 1820 Cunctarum
535 1792 670 1838 quam
696 1775 781 1820 sint
806 1774 995 1831 subtilia,
1034 1773 1212 1838 percipe
1237 1773 1403 1838 paucis.

304 1866 520 1923 Primum,
559 1866 762 1913 animalia
788 1881 890 1914 sunt
906 1867 1003 1930 jam
1028 1865 1189 1930 partim
1215 1866 1398 1922 tantula,
1437 1880 1486 1911 ut
1511 1867 1673 1912 horum
1752 1884 1841 1925 115

235 1958 387 2005 Tertia
411 1976 509 2022 pars
533 1958 658 2005 nulla
681 1958 817 2023 possit
843 1958 1008 2004 ratione
1034 1957 1187 2004 videri.

237 2054 414 2099 Horum
441 2051 699 2098 intestinum
725 2053 850 2116 quod
874 2051 939 2098 vis
963 2051 1093 2115 quale
1118 2068 1209 2097 esse
1233 2051 1485 2115 putandum
1511 2065 1576 2098 est
1598 2055 1613 2099 ?

239 2144 363 2199 Quid
387 2144 529 2191 cordis
552 2145 728 2208 globus,
765 2159 841 2191 aut
865 2144 982 2192 oculi
1006 2146 1021 2190 ?
1059 2143 1169 2208 quid
1195 2143 1428 2190 membra?
1466 2144 1575 2208 quid
1599 2159 1714 2192 artus
1738 2151 1753 2190 ἒ

211 2349 275 2375 Ver.
297 2354 359 2383 105.
530 2351 574 2384 yet
591 2345 654 2382 why
667 2343 708 2372 the
720 2355 795 2382 gross
1030 2341 1076 2369 the
1091 2346 1199 2378 present
1215 2339 1307 2370 Book.
1349 2341 1413 2370 The
1427 2352 1514 2370 verses
1534 2342 1627 2372 before
1646 2353 1677 2372 us
1691 2353 1734 2372 are
1749 2346 1846 2381 copied

290 2394 388 2423 should
399 2393 487 2422 rather
500 2394 558 2422 thus
570 2393 687 2433 exsoliate
699 2392 761 2421 than
774 2392 891 2430 ehestakc
972 2392 987 2429 ]
1030 2391 1100 2419 from
1112 2402 1135 2418 v.
1153 2390 1266 2427 66—67
1273 2410 1281 2424 ‚
1303 2401 1317 2418 a
1329 2390 1381 2419 few
1402 2402 1486 2430 pages
1497 2393 1593 2421 above.

175 2444 228 2472 We
243 2443 306 2471 here
320 2449 392 2471 meet
406 2443 473 2471 with
488 2443 603 2472 another
622 2443 742 2470 instance
761 2441 794 2469 of
804 2441 852 2470 the
869 2441 990 2478 periodic
1070 2439 1274 2469 Lambinushas
1283 2439 1432 2470 illustrated
1442 2442 1630 2471 thisassertion
1639 2440 1673 2470 of
1677 2451 1728 2469 our
1736 2449 1801 2479 poet
1810 2443 1849 2480 by

173 2491 311 2529 anaphora
334 2491 508 2520 commented
532 2501 608 2530 upon
622 2489 649 2518 in
665 2489 712 2519 the
727 2488 803 2518 Note
823 2498 858 2517 on
873 2499 898 2516 v.
917 2498 941 2516 1.
960 2487 993 2516 of
1029 2499 1167 2527 apassage
1176 2496 1207 2517 to
1216 2488 1262 2517 the
1273 2499 1344 2518 same
1353 2488 1434 2519 effect
1441 2489 1616 2529 opricurus
1623 2489 1740 2524 himself,
1749 2500 1777 2518 as
1787 2500 1849 2528 pre-
