1986 2795
221 149 301 186 200
761 140 845 183 DE
876 139 1099 182 RERUM
1131 139 1397 182 NATURA.
1707 141 1810 183 Lm.
1835 141 1909 182 IV.

291 270 350 315 Et
375 285 521 334 neque
548 280 700 316 Utrum
726 269 951 334 superavit
976 287 1148 327 eOl‘Uln,
1187 286 1270 315 nec
1296 280 1554 333 Superatuln
1578 282 1659 316 CSt.
1781 287 1910 318 1210

358 362 429 409 Fit
453 380 651 428 quoque,
690 376 740 410 ut
766 361 991 410 interdum
1017 361 1180 408 similes
1204 360 1408 408 exsistere
1433 379 1622 410 avorum

293 456 481 514 Possint,
519 470 562 504 et
587 455 776 503 referant
801 473 1072 522 proavorum
1098 472 1213 520 saepe
1238 454 1430 520 figuras;

293 552 544 616 Propterea,
583 549 687 615 quia
712 549 853 597 multa
879 549 1022 596 modis
1048 548 1288 614 primordia
1314 548 1465 596 multis

295 642 440 690 Mixta
463 661 544 690 suo
567 642 713 690 celant
739 641 784 688 in
809 659 993 707 corpore
1019 660 1134 707 saepe
1156 656 1373 707 parentes,

296 740 411 791 Quae
436 737 632 802 patribus
657 749 800 801 patres
823 735 1003 782 tradunt
1027 753 1051 781 a
1075 734 1209 801 stirpe
1235 734 1446 801 profecta.
1786 759 1801 785 1
1818 756 1840 786 2
1856 756 1910 801 15

298 831 411 878 Inde
436 832 593 877 Venus
619 828 740 876 varia
765 827 971 894 producit
996 842 1111 875 sorte
1136 828 1328 893 figuras3

297 924 615 988 Majorumque
640 921 772 969 refert
797 922 961 979 voltus,
999 939 1239 986 vocesque,
1278 939 1546 986 comasque:

297 1016 680 1082 Quandoquidem
706 1016 847 1063 nihilo
871 1015 1019 1063 minus
1043 1016 1138 1063 haec
1163 1016 1218 1062 de
1244 1015 1411 1063 semine
1437 1031 1557 1063 certo

297 1110 447 1167 Fiunt,
485 1128 622 1174 quam
647 1109 793 1166 facies,
832 1123 876 1156 et
901 1127 1099 1174 corpora,
1138 1110 1444 1173 membraque,
1483 1110 1624 1157 nobis.

297 1206 356 1250 Et
381 1202 597 1250 muliebre
623 1202 761 1249 oritur
786 1201 928 1267 patrio
953 1202 1008 1249 de
1033 1201 1202 1249 semine
1228 1201 1427 1257 seclum;
1789 1223 1914 1254 1220

297 1300 595 1361 MateranUC
621 1314 762 1343 mareS
786 1297 1002 1343 CXSlStUnt
1026 1314 1211 1362 COI‘POI‘C
1236 1295 1384 1343 Cl'CtCl.

301 1394 484 1456 Semper
507 1390 629 1438 enim
655 1403 804 1455 partus
829 1388 998 1454 duplici
1024 1389 1080 1436 de
1106 1389 1274 1436 semine
1299 1401 1498 1436 constat:

275 1789 351 1817 Dum
365 1788 475 1817 dubitat
496 1794 592 1816 natura
605 1787 694 1825 gravis
716 1796 830 1824 puerum
845 1786 980 1815 faceretne
1004 1797 1055 1825 pu·
1097 1787 1214 1826 nothing
1239 1800 1314 1818 more
1341 1791 1406 1818 than
1430 1803 1444 1819 a
1465 1802 1537 1821 mere
1565 1792 1643 1821 nidus
1665 1792 1708 1821 for
1735 1794 1782 1822 the
1806 1794 1920 1833 gradual

350 1838 428 1867 ellam

276 1886 378 1915 Faetus
392 1897 429 1920 τε,
451 1886 478 1914 O
494 1885 618 1923 pulcher,
639 1895 707 1923 pene
720 1884 820 1922 puella,
842 1895 918 1922 puer.

314 1956 408 1984 While
423 1963 517 1984 nature
531 1955 634 1983 doubts
647 1965 662 1983 a
675 1955 731 1992 boy
746 1965 777 1982 or
790 1954 843 1992 girl
856 1962 886 1982 to
901 1964 968 1986 rear,

316 2005 378 2033 Fair
392 2015 419 2033 as
433 2015 448 2032 a
462 2004 524 2042 girl,
546 2003 573 2032 O
588 2005 642 2041 boy
658 2006 663 2032 ἔ
687 2004 738 2041 thy
753 2003 831 2032 limbs
845 2013 954 2042 appear.

277 2101 344 2128 Ver.
364 2100 446 2136 1287.
471 2099 526 2127 For
543 2098 600 2127 both
617 2106 680 2127 must
690 2100 759 2136 jain,
779 2111 809 2127 or
827 2098 919 2137 nought
937 2110 984 2127 can
1006 2100 1058 2127 e'er

393 2150 493 2185 eruum]
519 2148 662 2186 Polignac,
692 2148 834 2187 following
861 2149 909 2177 the
935 2156 1058 2177 extrava-

238 2206 305 2237 gant
320 2204 421 2235 system
435 2196 469 2224 of
480 2196 547 2224 male
561 2196 710 2230 evolution‚
727 2197 912 2225 denominates
925 2197 980 2225 this
994 2197 1059 2225 doc-

239 2248 306 2276 trive
324 2245 357 2274 of
374 2256 424 2274 our
449 2247 548 2283 poet'S,
569 2246 659 2273 insane
677 2247 730 2274 and
749 2246 812 2274 idle.
856 2246 914 2274 But
939 2246 1061 2274 whether

239 2296 280 2324 his
294 2306 355 2323 own
370 2295 449 2322 creed
463 2295 496 2322 be
512 2301 559 2322 not
574 2295 663 2322 better
677 2294 790 2323 entitled
804 2302 835 2323 to
849 2294 915 2323 such
931 2294 1060 2332 epithets‚

242 2346 255 2372 I
271 2344 338 2373 shall
351 2343 424 2371 leave
439 2343 486 2370 the
500 2343 593 2371 reader
607 2350 637 2371 to
651 2343 798 2371 determine
813 2343 883 2371 from
902 2344 957 2372 this
971 2343 1060 2376 creed,

240 2404 268 2423 as
282 2394 415 2422 delivered
430 2393 455 2421 in
470 2393 511 2420 his
525 2403 586 2420 own
601 2393 691 2420 words
705 2405 712 2426 ;
733 2393 880 2432 premising
893 2393 968 2432 only,
989 2394 1061 2427 that,

242 2454 315 2480 upon
330 2442 376 2470 the
390 2441 534 2470 cardinal’s
547 2441 656 2478 theory,
677 2442 724 2470 the
744 2441 849 2476 female,
870 2452 898 2470 as
913 2443 927 2470 Ι
943 2443 1010 2471 have
1025 2442 1062 2470 al-

242 2490 322 2526 ready
337 2490 478 2523 observed,
492 2490 539 2518 has
553 2500 588 2518 no
602 2500 718 2518 concern
733 2490 900 2518 whatsoevcr
914 2491 939 2518 in
955 2491 1002 2520 the
1016 2499 1061 2520 act

241 2536 274 2565 of
285 2537 406 2575 creating
425 2537 472 2566 her
486 2548 548 2566 own
569 2538 790 2573 children‚—-the
805 2539 902 2567 matrix
925 2537 1060 2577 affording

1096 1838 1207 1875 growth
1221 1839 1254 1866 of
1265 1839 1312 1868 the
1326 1840 1439 1877 embryo
1453 1852 1459 1868 :

1138 1906 1183 1934 Sic
1199 1907 1338 1936 hominum
1354 1918 1439 1946 genus
1454 1919 1533 1937 omne
1544 1909 1660 1938 hominis
1675 1910 1829 1938 tenuissima
1842 1911 1922 1948 primi

1138 1955 1204 1984 Pars
1217 1956 1280 1985 fuit.
1321 1957 1366 1986 At
1381 1959 1482 1996 majora
1495 1959 1546 1987 tibi
1561 1958 1688 1987 miracula
1702 1960 1803 1997 pando.

1138 2002 1203 2031 Non
1217 2003 1305 2032 solum
1319 2012 1429 2033 exortos
1443 2005 1565 2034 homines
1578 2005 1675 2034 olimve
1690 2005 1799 2035 futuros

1140 2051 1172 2079 In
1187 2060 1263 2090 patre
1278 2063 1414 2091 quemque
1426 2064 1474 2082 suo
1489 2054 1579 2092 stirpis
1593 2055 1802 2092 comprenderat
1815 2061 1923 2089 auctor,

1139 2098 1194 2127 Sed
1209 2099 1301 2138 plures
1312 2100 1409 2134 multo,
1430 2102 1477 2139 qui
1492 2112 1630 2139 nunquam
1644 2103 1678 2130 ad
1692 2102 1800 2131 luminis
1813 2113 1893 2131 auras

1141 2147 1311 2182 Pervenient,
1331 2160 1486 2187 quanquam
1501 2151 1536 2178 ad
1550 2150 1639 2179 lucem
1653 2151 1790 2189 vitamque
1804 2152 1902 2190 parati.

1138 2197 1297 2235 Qotquod
1311 2197 1381 2224 enim
1396 2207 1411 2224 a
1427 2198 1526 2234 genitis
1538 2198 1616 2236 gigni
1630 2205 1745 2235 potuere
1758 2199 1884 2231 vicissim,

1139 2244 1198 2282 Qri
1213 2250 1303 2272 tamen
1317 2244 1343 2272 in
1358 2246 1475 2273 tenebris
1484 2246 1594 2283 jacuere
1607 2245 1781 2283 perennibus,
1801 2253 1829 2274 et
1843 2255 1912 2284 quos

1141 2291 1287 2329 Oppressit
1301 2302 1355 2320 nox
1371 2300 1428 2321 atra
1442 2300 1544 2322 aeterno
1558 2293 1583 2321 in
1599 2304 1706 2322 carcere
1719 2293 1826 2322 clausos

1141 2341 1191 2374 Et,
1213 2342 1233 2369 si
1247 2342 1329 2369 dante
1343 2342 1405 2375 deo,
1427 2343 1581 2381 spirassent,
1602 2350 1742 2380 quotquot
1755 2344 1790 2371 ab
1804 2342 1856 2370 illis

1142 2389 1242 2418 Enasci
1257 2398 1395 2428 poterant,
1416 2398 1532 2419 cunctos
1546 2391 1624 2420 simul
1638 2402 1691 2419 una
1705 2391 1805 2420 creavit
1853 2406 1859 2413 ·

1143 2438 1335 2476 Formavitque
1350 2438 1417 2472 dies,
1433 2440 1491 2477 jam
1505 2439 1631 2467 membris
1645 2438 1770 2466 omnibus
1784 2445 1874 2476 aptos,

1141 2487 1200 2523 Jam
1215 2486 1310 2525 plenos
1325 2494 1468 2526 vegetante
1481 2488 1569 2517 anima
1583 2487 1629 2515 sed
1644 2487 1727 2515 menti
1741 2494 1863 2525 egentes.

1550 2536 1759 2566 Auri—Luca.
1774 2537 1820 2564 vii.
1839 2536 1922 2565 1006.
