1986 2795
121 126 197 168 574
634 107 718 149 DE
751 102 974 147 RERUM
1008 97 1274 143 NATURA.
1604 93 1709 135 Lm.
1730 92 1808 135 vr.

190 241 416 307 Praecepit,
456 239 646 302 ferrique
672 235 763 281 vias
789 231 985 299 possedit
1010 241 1207 294 apertas;

191 331 408 383 Posterior
433 328 587 395 lapidis
615 325 740 374 venit
765 337 908 380 aestus,
946 335 990 368 et
1015 317 1167 366 onmia
1190 315 1324 382 plena

194 427 372 476 Invenit
400 426 444 472 in
472 424 613 478 ferr0;
652 438 798 485 neque
824 418 955 465 habet
981 415 1070 479 qua
1095 423 1254 486 tranet3
1291 422 1341 456 ut
1366 421 1496 456 ante:
1561 442 1564 446 -
1687 425 1816 471 1050

194 522 383 586 Cogitur
408 518 638 565 obfensare
665 514 811 579 igitur,
851 510 1114 576 pulsareque
1141 505 1285 552 fluctu

197 617 351 660 Ferrea
377 623 492 657 texta
519 626 626 654 suo:
665 622 756 669 quo
782 615 914 667 pacto
940 597 1106 664 respuit
1131 597 1186 643 ab
1213 614 1272 653 se,

199 710 352 769 Atque
380 721 455 767 per
480 719 535 747 aes
561 698 709 762 agitat,
749 695 841 741 sine
866 710 920 740 eo
946 691 1071 757 quod
1096 708 1212 756 saepe
1237 689 1446 737 resorbet.

272 889 390 938 Illud
417 887 459 933 in
486 884 568 932 hiis
594 883 722 930 rebus
748 880 895 929 mirari
922 881 1065 936 mitte,
1104 879 1229 944 quod
1255 892 1383 926 aestus

203 989 311 1034 Non
337 981 453 1029 valet
478 998 502 1026 e
528 978 675 1044 lapide
701 977 787 1024 hoc
813 975 916 1022 alias
943 973 1156 1039 inpellere
1182 973 1292 1020 item
1316 989 1399 1018 res.
1698 983 1824 1030 1055

203 1077 402 1126 Pondere
428 1072 549 1120 enim
575 1071 696 1117 fretae
721 1068 885 1135 partim
910 1080 1057 1122 stant3
1095 1066 1220 1131 quod
1244 1083 1402 1130 genus,
1442 1080 1629 1111 aurum:

203 1176 274 1219 Ac
300 1168 476 1236 partim,
515 1183 609 1212 raro
635 1163 740 1229 quia
764 1175 868 1209 sunt
893 1179 1000 1208 cum
1025 1177 1226 1225 corpore,
1265 1172 1317 1205 ut
1341 1171 1469 1206 aestus

205 1262 412 1312 Pervolet
439 1261 643 1315 intactus,
682 1268 916 1321 nequeunt
942 1253 1146 1320 inpellier
1171 1271 1393 1317 usquam:

208 1358 379 1422 Lignea
405 1352 604 1401 materies
631 1351 676 1398 in
701 1368 793 1414 quo
818 1366 981 1414 genere
1005 1365 1097 1394 esse
1123 1346 1316 1393 videtur.

213 1456 332 1498 Inter
357 1464 563 1512 utrasque
591 1446 724 1510 igitur
750 1444 851 1491 ferri
878 1456 1034 1490 natura
1058 1441 1217 1499 locata,
1708 1442 1838 1487 1060

214 1542 334 1590 AEris
360 1541 435 1587 ubi
462 1538 637 1604 adcepit
662 1537 870 1602 quaedam
895 1536 1173 1601 corpuscula,
1213 1548 1314 1582 tum
1338 1535 1406 1592 fit,

216 1635 441 1701 Inpellant
468 1647 517 1680 ut
541 1651 639 1680 eam
667 1630 902 1696 Magnesia
926 1629 1116 1677 flumina
1141 1629 1245 1677 saxi.

286 1730 388 1775 Nec
414 1741 563 1773 tamen
589 1726 682 1773 haec
709 1725 768 1771 ita
793 1737 896 1771 sunt
921 1723 1107 1771 aliarum
1132 1741 1282 1770 rerum
1306 1722 1463 1780 aliena,

218 1827 284 1870 Ut
311 1821 419 1869 mihi
447 1820 587 1867 multa
612 1838 769 1885 parum
795 1836 957 1883 genere
981 1836 1036 1865 ex
1060 1817 1530 1884 hocvsubpeditentur,

222 1920 336 1970 Quae
364 1931 605 1962 memorare
631 1931 795 1977 queam
820 1911 933 1958 inter
958 1930 1001 1958 se
1028 1910 1306 1977 singulariter
1331 1923 1448 1976 apta.
1715 1912 1841 1970 1065

293 2013 401 2055 Saxa
426 2007 549 2053 vides
576 2006 772 2071 primum
799 2005 889 2052 sola
914 2006 1162 2053 coolescere
1188 2005 1337 2052 calce:

200 2208 264 2235 Ver.
284 2208 363 2244 1096.
444 2206 714 2245 ——thefullflootfl
728 2209 760 2237 In
777 2209 824 2237 the
840 2209 957 2247 original
971 2221 978 2238 ι
1062 2209 1129 2237 Ver.
1149 2217 1233 2237 1101.
1255 2207 1330 2235 Lime
1351 2206 1406 2244 only
1420 2213 1500 2235 stone:
1513 2214 1642 2240 connects,·
1725 2207 1740 2245 ]
1755 2207 1787 2236 In
1802 2206 1851 2236 the

355 2252 498 2290 Magnesia
513 2253 621 2281 flumina
636 2255 701 2283 saxi.
812 2257 878 2285 Ver.
899 2258 981 2285 1062.
1024 2258 1099 2287 Note
1111 2269 1146 2286 on
1154 2257 1380 2295 ver.934,1have
1392 2257 1524 2285 obser-ved
1537 2256 1598 2285 that
1610 2257 1744 2286 solutions
1753 2257 1852 2286 ofiron

163 2324 178 2342 a
205 2313 315 2351 reading
343 2312 480 2351 proposed
507 2313 544 2349 by
574 2313 699 2350 Bentley,
724 2315 776 2342 and
803 2317 898 2353 copied
925 2317 984 2345 into
1023 2307 1174 2336 constitute
1188 2317 1204 2335 a
1218 2317 1283 2345 very
1303 2305 1439 2345 powerful
1459 2313 1568 2334 cernent
1582 2305 1615 2333 of
1625 2305 1728 2344 gravei,
1750 2311 1853 2339 stenes,

165 2361 345 2389 urakcfidd’s
373 2360 476 2388 version
494 2371 500 2387 :
541 2361 592 2388 and
622 2362 711 2389 which
740 2365 869 2402 precisely
897 2375 986 2393 corre,
1023 2354 1077 2382 and
1091 2354 1190 2383 similar
1211 2355 1379 2387 substances,
1394 2354 1459 2388 and,
1473 2354 1683 2392 consequently,
1703 2354 1817 2382 become
1837 2363 1854 2381 a

168 2410 266 2449 ‹ponds
279 2409 345 2437 with
358 2419 411 2438 ver.
429 2410 510 2444 1084,
526 2409 578 2437 aud
596 2410 667 2447 1089
683 2411 780 2439 above,
804 2413 836 2440 In
851 2414 898 2441 the
912 2424 987 2442 com,
1027 2413 1089 2441 very
1104 2403 1191 2432 active
1205 2404 1258 2432 and
1269 2403 1407 2431 extensive
1420 2413 1501 2431 cause
1509 2402 1755 2440 oflapidification,
1765 2412 1798 2430 or
1805 2401 1854 2430 the

169 2467 231 2484 mon
247 2456 372 2490 editions,
383 2466 424 2484 we
436 2463 507 2484 meet
522 2456 588 2484 with
601 2457 646 2484 the
662 2467 734 2485 more
750 2460 854 2495 prosaic
868 2461 964 2499 phrase
978 2474 986 2491 :
1025 2452 1173 2481 formation
1194 2453 1227 2481 of
1239 2453 1461 2491 stone-quatries,
1475 2452 1607 2486 breccias,
1626 2451 1770 2480 indurated
1786 2450 1855 2489 grif-

398 2504 620 2543 ——Magnesia
634 2508 725 2535 semina
738 2508 802 2535 saxi.
1028 2502 1099 2536 fines,
1119 2502 1173 2531 and
1193 2503 1260 2532 beds
1274 2502 1308 2531 of
1317 2512 1333 2531 a
1346 2502 1401 2532 like
1422 2502 1606 2540 description:
1629 2502 1681 2532 but
1699 2499 1854 2530 calcareous

623 2562 633 2580 ι
