1986 2795
189 135 270 177 246
732 134 817 177 DE
849 134 1073 177 RERUM
1104 134 1373 177 NATURA.
1700 137 1879 179 L113.V.

260 260 372 308 Inde
398 260 506 307 duas
531 279 664 326 porro
690 280 832 328 prope
858 263 1017 329 parteis
1043 263 1240 310 fervidus
1265 262 1407 320 ardor,
1788 281 1850 314 20
1855 281 1882 327 5

259 354 584 420 Adsiduusque
609 357 699 422 geli
725 376 862 415 casus,
903 358 1162 405 mortalibus
1187 357 1345 405 aufert.

261 450 402 502 Quod
427 468 559 515 super
583 463 650 497 est
676 451 786 508 arvi,
826 465 975 498 tamen
1003 450 1047 497 id
1072 463 1228 498 natura
1252 451 1330 498 su&
1353 451 1400 498 vi

263 542 470 589 Sentibus
495 543 704 600 obducat,
744 543 789 590 ni
816 543 882 590 vis
908 544 1105 590 humana
1129 543 1313 603 resistat,

263 634 392 680 Vita‘i'
418 636 581 692 caussfi,
621 635 771 682 valido
797 648 1008 682 consueta
1031 634 1205 682 bidenti

264 731 513 793 Ingemere,
552 743 597 776 et
623 742 780 776 terram
806 729 961 794 pressis
986 729 1271 794 proscindere
1307 729 1455 776 aratris
1477 749 1488 775 τ
1795 747 1890 779 210

263 822 307 868 Si
333 841 438 879 non,
479 822 690 868 fecundas
716 836 941 869 vortentes
967 841 1151 870 vomere
1175 823 1343 889 glebas,

264 919 513 980 Terra'i‘que
539 916 686 962 solum
712 915 981 981 subigentes,
1021 916 1164 964 cimus
1190 917 1247 963 ad
1271 930 1422 974 ortus3

265 1014 432 1076 Sponte
459 1011 538 1058 sua
563 1026 788 1075 nequeant
813 1011 1002 1076 liquidas
1028 1012 1234 1059 exsistere
1261 1012 1306 1059 in
1332 1031 1470 1060 auras.

262 1106 321 1150 Et
347 1118 511 1160 tamen,
552 1103 778 1150 interdum
803 1121 970 1168 magno
994 1103 1182 1168 quaesita
1206 1103 1370 1162 labore,

263 1199 419 1250 Quom
437 1198 534 1261 jam
561 1215 640 1262 per
664 1212 795 1245 terras
821 1198 1036 1246 frundent
1062 1211 1198 1264 atque
1223 1198 1377 1247 omnia
1401 1198 1591 1254 florent;
1798 1215 1821 1248 2
1836 1215 1890 1260 15

262 1292 360 1335 Aut
386 1289 533 1336 nimiis
560 1304 693 1337 torret
719 1290 968 1338 fervoribus
994 1291 1200 1338 aetherius
1224 1292 1306 1349 sol,

263 1387 361 1430 Aut
387 1382 546 1429 subitei
573 1383 802 1448 perimunt
828 1384 1005 1443 imbres,
1044 1385 1296 1451 gelidaeque
1322 1386 1508 1451 pruinae,

267 1477 511 1542 Flabraqiie
537 1490 780 1524 ventorum
805 1477 1007 1525 violento
1032 1478 1208 1526 turbine
1235 1493 1415 1527 vexant.

338 1573 563 1627 Praeterea,
602 1589 744 1636 genus
770 1571 1037 1619 horriferum
1065 1574 1243 1619 Natura
1268 1573 1477 1631 ferarum,

268 1666 492 1711 Humanae
517 1664 639 1728 genti
667 1664 895 1722 infestum,
935 1667 1137 1730 terraque
1164 1666 1379 1731 marique,
1799 1685 1899 1720 220

268 1760 399 1811 Quur
424 1757 514 1814 alit,
554 1772 687 1822 atque
713 1773 846 1823 auget
867 1761 881 1804 ?
920 1777 1037 1823 quur
1061 1759 1166 1806 anni
1192 1773 1396 1825 tempora
1422 1760 1600 1807 morbos

268 1851 527 1916 Adportant
548 1854 562 1898 Ρ
602 1871 690 1917 qua
716 1870 760 1899 re
788 1855 912 1899 Mors
939 1853 1160 1902 inmatura
1185 1857 1406 1919 vagatur?

333 2039 462 2084 Tum
489 2057 621 2105 porro
646 2058 772 2105 puer,
811 2053 862 2086 ut
887 2041 1012 2088 saevis
1036 2043 1259 2107 projectus
1285 2043 1339 2089 ab
1367 2042 1497 2090 undis

272 2130 455 2188 Navita,
496 2133 656 2190 nudus,
698 2133 826 2180 humi
845 2133 980 2196 jacet,
1021 2135 1178 2194 infans,
1218 2136 1397 2202 indigus
1422 2136 1547 2184 omni

242 2327 308 2357 Ver.
326 2338 390 2366 ²34·
417 2329 488 2359 Thea
510 2331 550 2358 the
564 2338 628 2369 poor
649 2331 718 2363 habe,
737 2339 786 2364 too,
808 2331 856 2360 like
877 2344 893 2360 a
916 2345 1028 2362 sca-man
1071 2347 1132 2364 now
1147 2347 1189 2365 am
1208 2338 1220 2365 Ι
1236 2348 1304 2367 once
1319 2349 1393 2367 more
1412 2345 1471 2367 cast
1489 2349 1524 2366 on
1540 2340 1587 2368 the
1602 2340 1722 2378 ground,
1743 2339 1896 2373 inanimate,

359 2378 493 2415 wreck'd]
527 2379 608 2407 Thus
629 2380 777 2416 Apuleius,
803 2380 875 2408 Met.
900 2382 918 2410 i.
938 2393 966 2420 p.
982 2393 1029 2421 50,
1071 2385 1169 2419 naked,
1185 2387 1238 2415 and
1253 2388 1326 2421 cold,
1341 2389 1393 2416 and
1409 2388 1547 2416 drenched
1562 2389 1629 2417 with
1642 2396 1707 2422 wet,
1721 2399 1749 2417 as
1764 2389 1811 2416 the
1825 2397 1896 2416 new-

203 2423 304 2460 closcly
327 2423 470 2463 following
490 2426 538 2453 the
557 2425 694 2463 sootsteps
715 2425 747 2454 of
767 2437 818 2454 our
840 2435 925 2465 poet:
949 2433 968 2447 ‘⁶
985 2431 1030 2458 At
1070 2432 1138 2460 born
1158 2433 1232 2461 child
1254 2435 1362 2463 thr-own
1384 2435 1524 2463 half-dead
1546 2435 1615 2464 from
1629 2436 1684 2464 vthe
1705 2436 1797 2464 womb
1817 2433 1896 2463 ofits

204 2482 268 2509 ege,
290 2480 320 2501 ut
335 2484 418 2507 eram,
438 2475 519 2503 etiam
535 2486 607 2503 nune
622 2476 697 2504 humi
718 2477 868 2513 projectus,
887 2478 1030 2516 inanimus,
1071 2481 1210 2509 mother.”
1251 2484 1283 2511 A
1302 2495 1427 2523 passage,
1449 2484 1585 2522 perfectly
1607 2484 1715 2518 similar,
1736 2485 1758 2512 is
1774 2481 1896 2512 deduced
1912 2487 1919 2490 ’

204 2521 302 2553 ηυὼιε,
327 2530 354 2549 et
375 2523 500 2562 frigidus,
527 2532 555 2553 et
579 2525 647 2553 lotio
675 2525 809 2563 perlutuS,
837 2528 913 2564 quasi
939 2534 1031 2556 recens
1072 2530 1109 2567 by
1131 2530 1284 2561 Lambinus
1306 2533 1376 2562 from
1392 2534 1485 2573 Pliny,
1506 2534 1574 2563 Nat.
1591 2534 1670 2563 Hist.
1687 2533 1733 2563 vii.
1748 2540 1776 2562 at
1791 2533 1837 2561 the
1850 2532 1896 2560 be-

206 2577 284 2599 utero
298 2571 390 2600 matris
404 2573 503 2608 editus,
515 2575 569 2603 imo
584 2585 646 2603 vero
661 2576 884 2605 semimortuus.'’
926 2583 945 2597 ‘⁴
961 2579 1031 2608 And
1071 2577 1198 2616 giuning,
1219 2586 1250 2608 to
1275 2580 1369 2609 which
1390 2581 1437 2610 the
1458 2581 1552 2609 reader
1572 2591 1635 2618 may
1657 2589 1721 2610 turn
1737 2586 1766 2608 at
1787 2579 1829 2607 his
1850 2576 1896 2606 lei·
