1986 2795
199 111 275 151 128
735 105 819 148 DE
851 105 1075 148 RERUM
1108 105 1374 147 NATURA.
1689 107 1891 148 L1n.1V.
1954 69 1959 71 ·

268 235 350 279 Per
376 233 578 280 membra
603 251 653 280 ac
678 251 830 290 venas,
869 247 920 281 ut
944 251 1145 281 amorem
1170 233 1349 279 obturet
1373 230 1556 279 edundi.

269 328 448 373 Humor
474 326 582 374 item
609 326 795 374 discedit
822 327 866 374 in
893 326 1059 384 omnia,
1099 345 1201 390 quae
1226 325 1324 372 loca
1349 343 1580 390 quomque

269 422 465 468 Poscunt
491 421 758 469 humorem:
797 421 1132 486 glomerataque
1158 420 1301 466 multa
1325 419 1501 485 vaporis

270 514 487 578 Corpora,
527 533 627 578 quae
654 514 888 561 stomacho
914 513 1114 578 praebent
1140 511 1346 559 incendia
1371 526 1535 569 nostro,
1800 517 1895 577 870

270 605 484 671 Dissupat
510 606 750 653 adveniens
777 606 937 670 liquor,
977 623 1026 653 ac
1052 604 1301 669 restinguit,
1340 619 1390 651 ut
1416 604 1595 670 ignem3

271 703 411 747 Urere
439 719 493 748 ne
520 701 657 766 possit
683 701 801 747 calor
827 699 1019 765 amplius
1045 699 1190 747 aridus
1215 713 1348 746 artus.

272 792 342 839 Sic
369 792 503 857 igitur
529 792 608 839 tibi
635 792 794 839 anhela
818 791 908 839 sitis
934 792 990 839 de
1015 810 1202 858 corpore
1228 807 1377 840 nostro

271 885 516 941 Abluitur3
555 885 615 932 sic
641 885 846 950 expletur
864 885 1024 949 jejuna
1048 885 1232 950 cupido.

342 980 498 1035 Nunc,
537 980 615 1042 qui
641 978 734 1035 fiat,
772 977 865 1025 utei
889 996 1041 1043 passus
1066 978 1262 1044 proferre
1287 997 1519 1044 queamuS,
1804 983 1897 1043 875

273 1074 431 1125 Quom
456 1071 685 1129 volumus,
726 1090 920 1137 vareque
946 1072 1104 1121 datum
1129 1072 1183 1120 sit
1209 1073 1411 1120 membra
1436 1091 1648 1124 movere:

274 1167 351 1222 Et,
390 1183 490 1230 quae
517 1183 581 1212 res
608 1178 785 1212 tantum
810 1165 939 1213 hocc'
967 1166 1111 1214 oneris
1136 1167 1398 1232 protrudere
1424 1167 1559 1214 nostri

276 1259 490 1325 Corporis
516 1259 713 1318 insuerit,
753 1260 928 1309 dicam:
968 1274 1018 1308 tu
1045 1261 1225 1327 percipe
1250 1262 1381 1309 dicta.

345 1352 480 1410 Dico,
520 1352 671 1400 animo
697 1367 848 1401 nostro
872 1354 1075 1419 primum
1100 1354 1335 1402 simulacra
1359 1355 1539 1402 meandi

277 1444 518 1502 Adcidere,
557 1459 691 1510 atque
717 1445 922 1494 animum
947 1447 1136 1512 pulsare,
1176 1463 1226 1495 ut
1251 1447 1445 1495 diximus
1471 1461 1599 1502 ante3
1808 1450 1906 1496 880

279 1539 390 1587 Inde
414 1538 623 1586 voluntas
649 1538 730 1586 fit:
769 1557 917 1604 neque
943 1540 1066 1587 enim
1091 1540 1234 1587 facere
1260 1540 1418 1605 incipit
1442 1540 1584 1587 ullam

283 1638 403 1682 Rem
428 1633 682 1698 quisquam,
722 1650 860 1697 quam
884 1651 1012 1680 mens
1036 1633 1249 1698 providit,
1287 1633 1399 1698 quid
1425 1633 1549 1691 velit,
1588 1646 1719 1681 ante:

284 1728 350 1784 Id,
389 1728 513 1792 quod
538 1726 761 1793 providet,
802 1726 919 1773 illius
946 1727 1007 1774 rei
1032 1742 1205 1775 constat
1230 1727 1396 1793 imago.

286 1822 423 1884 Ergo,
462 1820 636 1867 animus
662 1838 804 1884 quom
829 1838 921 1867 sese
946 1820 1006 1867 ita
1031 1836 1290 1879 conmovet,
1329 1836 1379 1869 ut
1404 1820 1515 1868 velit
1539 1820 1615 1878 ire,

290 1916 432 1977 Inque
457 1913 581 1978 gredi
602 1934 612 1968 ;
651 1912 751 1960 ferit
775 1931 829 1960 ex
855 1914 1045 1980 templo,
1084 1933 1184 1980 quae
1210 1915 1256 1963 in
1282 1933 1468 1981 corpore
1494 1928 1589 1962 toto
1815 1917 1908 1976 885

292 2009 373 2054 Per
400 2008 612 2064 membra,
653 2021 786 2072 atque
811 2021 943 2066 artus,
981 2009 1149 2057 anima'i
1175 2009 1324 2057 dissita
1349 2009 1416 2057 vis
1440 2023 1535 2057 est:

267 2396 335 2424 Ver.
349 2404 416 2432 901.
433 2394 518 2427 Beset,
539 2392 595 2422 and
612 2391 688 2421 serike
702 2391 743 2420 the
756 2392 828 2421 mind
835 2405 846 2426 ‚·
867 2392 940 2422 hence
956 2395 1055 2432 springs
1095 2396 1214 2438 pinging
1232 2409 1306 2437 upon
1329 2398 1377 2428 the
1398 2396 1520 2426 externa}
1532 2406 1633 2436 organa
1651 2394 1684 2424 of
1701 2403 1786 2426 sense,
1808 2392 1918 2421 whence

329 2470 332 2472 ,
347 2444 387 2473 the
401 2443 476 2481 will]
500 2443 594 2472 These
618 2443 721 2481 images
743 2443 819 2471 beset
841 2443 894 2471 and
909 2443 995 2472 strike
1008 2443 1056 2471 the
1096 2445 1162 2483 they
1172 2456 1216 2475 are
1225 2448 1376 2486 conveyed,
1386 2446 1511 2485 through
1525 2446 1573 2475 the
1587 2442 1748 2474 medimnos
1758 2442 1806 2471 the
1817 2450 1919 2474 nei-ves,

230 2495 316 2528 mind,
336 2495 399 2528 and,
420 2493 453 2522 of
463 2505 571 2528 course,
586 2494 676 2522 excite
690 2492 738 2521 the
752 2493 817 2526 will,
835 2504 910 2531 upon
924 2493 972 2522 the
988 2492 1056 2530 Epi.
1096 2502 1127 2522 to
1141 2495 1188 2523 the
1202 2497 1276 2525 mind
1291 2509 1300 2531 ς
1319 2497 1373 2526 and
1387 2495 1527 2534 secondly‚
1548 2496 1586 2533 by
1604 2492 1730 2530 entering
1750 2492 1797 2521 the
1817 2499 1919 2529 porous

231 2553 329 2573 curean
351 2550 462 2582 system,
482 2543 509 2572 in
532 2550 589 2572 two
617 2553 710 2581 ways:
742 2542 825 2577 Fiat,
854 2543 892 2580 by
915 2542 993 2572 their
1007 2543 1057 2570 im·
1097 2540 1182 2587 fram(
1205 2545 1238 2574 of
1251 2545 1298 2574 the
1316 2546 1404 2584 body,
1425 2546 1478 2574 and
1493 2544 1648 2583 producing
1668 2553 1701 2571 au
1716 2540 1831 2579 impulse
1845 2549 1920 2577 upon
