1986 2795
163 147 241 184 2412

232 272 325 325 An,
364 269 511 326 credo,
551 269 597 316 in
623 269 812 317 tenebris
838 271 931 317 vita
955 288 1004 317 ac
1030 286 1222 316 moerore
1240 267 1436 333 jacebat,

696 141 780 183 DE
812 142 1036 185 RERUM
1069 142 1336 194 NATURA.

1677 139 1781 184 ΜΒ.
1805 141 1857 185 V.

1764 283 1856 333 Ι’75

234 365 396 410 Donec
422 363 582 409 diluxit
609 381 754 410 rerum
780 362 982 428 genitalis
1008 361 1168 426 origo?

235 456 419 510 Quidve
445 456 550 504 mali
576 456 717 504 fuerat
742 456 867 504 nobis
893 474 982 503 non
1010 472 1101 502 esse
1126 454 1280 502 creatis
1301 457 1316 502 ?

234 553 384 598 Natus
409 551 531 598 enim
557 551 690 598 debet
715 551 1027 616 quiquomque
1053 562 1132 606 est,
1172 548 1289 596 velle
1316 567 1494 597 manere

238 651 257 694 Ι
266 666 293 693 n
319 647 424 702 vitii,
464 646 607 692 donec
635 644 839 692 retinebit
864 643 1026 690 blanda
1051 641 1260 708 voluptas
1281 662 1292 690 τ

236 740 329 794 Qui
355 758 606 805 numquam
632 757 739 786 vero
765 738 867 784 vitae
893 735 1090 802 gustavit
1115 754 1330 795 amorem,

1767 742 1862 789 180

236 837 339 882 Nec
366 834 450 881 fuit
477 835 521 880 in
547 851 763 889 numero3
801 830 912 896 quid
937 830 1062 878 obest
1087 848 1180 878 non
1205 849 1297 878 esse
1322 835 1556 880 creatum?

305 1021 583 1086 Exemplum
611 1038 742 1086 porro
766 1019 1008 1085 gignundis
1034 1019 1178 1078 rebus,
1217 1034 1262 1068 et
1288 1021 1382 1087 ipsa

234 1115 432 1164 Notities
458 1114 697 1161 hominum
723 1113 804 1160 diis
830 1114 951 1160 unde
976 1127 1043 1161 est
1067 1113 1196 1161 insita
1221 1114 1437 1180 primurn,

233 1209 358 1263 Quid
383 1208 551 1255 vellent
576 1207 733 1265 facere,
774 1221 824 1254 ut
849 1207 1023 1266 scirent,
1063 1207 1307 1274 animoque
1332 1209 1572 1257 viderent?

234 1306 400 1357 Quove
427 1302 565 1349 modo
589 1315 654 1348 est
679 1319 900 1366 umquam
925 1300 992 1348 vis
1018 1302 1199 1367 cognita
1223 1302 1565 1368 principiorum,

1769 1307 1860 1366 185

236 1398 451 1462 Quidque
478 1396 590 1443 inter
615 1414 707 1442 sese
732 1410 988 1460 permutato
1013 1396 1169 1444 ordine
1194 1411 1392 1463 possent,

236 1492 279 1539 Si
306 1510 396 1539 non
423 1491 517 1556 ipsa
540 1481 663 1536 d'edit
688 1489 917 1555 specimen
941 1493 1119 1538 Natura
1143 1491 1324 1539 creandi
1344 1493 1359 1538 ?

236 1588 450 1650 Namque
478 1584 550 1640 ita,
589 1583 883 1641 multimodiS,
923 1585 1077 1633 multis
1101 1586 1345 1652 primordia
1369 1603 1516 1633 rerum

237 1681 308 1728 Ex
335 1678 511 1726 infinito
528 1678 625 1742 jam
652 1691 855 1742 tempore
881 1677 1049 1742 percita
1073 1677 1231 1743 plagis,

238 1773 601 1837 Ponderibusque
627 1771 713 1818 suis
739 1786 1011 1819 consuerunt
1037 1771 1214 1819 concita
1238 1770 1356 1828 ferri,

1769 1790 1864 1834 190

238 1866 616 1931 Omnimodisque
643 1865 775 1921 coire,
815 1879 948 1929 atque
974 1865 1126 1913 omnia
1149 1878 1417 1931 pertentare,

241 1964 588 2026 (Qu-aequomque
615 1959 727 2006 inter
752 1976 796 2005 se
822 1957 991 2023 possint
1017 1976 1251 2024 congressa
1278 1976 1451 2015 ereare3

214 2271 279 2299 Ver.
300 2271 361 2298 181.
395 2269 467 2297 How
478 2280 523 2296 can
538 2268 576 2295 the
591 2268 673 2295 bremt
688 2266 746 2295 here
758 2265 821 2294 burn
824 2265 875 2302 sor
890 2263 965 2292 what
978 2265 999 2292 is

330 2331 389 2347 new
405 2320 437 2355 ἒ]
471 2318 534 2345 The
563 2327 634 2344 sume
661 2316 764 2354 species
787 2313 820 2342 of
844 2321 1000 2352 argument,

177 2369 284 2408 though
311 2368 449 2396 advanccd
473 2366 539 2394 with
561 2376 575 2394 ει
597 2365 722 2393 different
743 2365 846 2402 object,
867 2373 907 2391 we
929 2369 1001 2392 meet

177 2419 243 2446 with
262 2419 287 2445 in
310 2418 408 2446 Cicero
430 2417 476 2446 De
488 2415 556 2444 Nat.
569 2415 658 2443 Deor.
672 2414 690 2441 l.
707 2414 733 2441 ii.
777 2418 795 2431 “
812 2412 891 2452 Qid
909 2419 1001 2440 autem

179 2475 245 2500 erat,
267 2468 341 2504 quod
357 2466 525 2504 conspiceret
540 2465 620 2493 Deus
635 2464 766 2492 mundum
781 2462 864 2501 signis
883 2468 910 2489 et
923 2461 1002 2488 lumi-

180 2518 270 2548 nibus,
291 2523 419 2553 tanquam
443 2515 536 2547 sedilis,
561 2514 677 2542 ornare?
715 2513 754 2546 Si,
782 2519 814 2540 ut
838 2511 918 2540 Deus
945 2511 1002 2549 ipse

183 2565 275 2594 melius
288 2564 433 2598 habitaret,
448 2571 537 2598 antea,
557 2563 682 2592 videlicet
696 2570 819 2600 tempore
837 2561 955 2596 infinito,
975 2560 1003 2589 in

1040 2265 1168 2298 tenebris,
1195 2273 1326 2304 tanquam
1350 2266 1376 2295 in
1401 2265 1549 2306 gurgustio
1577 2265 1772 2295 habitaverat?
1800 2265 1869 2295 Post

1040 2321 1142 2347 autem,
1163 2315 1293 2344 varietate
1321 2326 1354 2344 ne
1382 2326 1444 2344 eum
1469 2315 1598 2344 delectari
1625 2321 1765 2352 putamus,
1791 2313 1869 2353 quod

1041 2362 1141 2391 coelum
1156 2370 1183 2391 et
1199 2370 1282 2391 terras
1296 2371 1440 2393 exornatas
1453 2364 1575 2393 videmus
1588 2363 1598 2392 ?
1619 2364 1692 2403 Qae
1707 2363 1758 2391 ista
1775 2369 1868 2401 potest

1041 2422 1098 2440 esse
1122 2412 1272 2441 oblectatio
1298 2413 1386 2442 Deo?
1406 2425 1467 2452 quae
1488 2414 1508 2442 si
1531 2419 1610 2446 esset,
1636 2423 1690 2441 non
1711 2411 1743 2441 ea
1763 2411 1867 2440 tamdiu

1041 2471 1131 2489 carere
1146 2461 1314 2499 potuisset.’'
1356 2466 1375 2480 “
1389 2463 1516 2491 Whence
1537 2461 1645 2500 springs
1665 2461 1697 2495 it,
1718 2460 1780 2488 that
1799 2458 1868 2488 God

1042 2510 1139 2538 should
1155 2511 1189 2540 be
1204 2522 1234 2540 so
1255 2512 1376 2540 desirous
1390 2511 1424 2540 of
1435 2510 1624 2549 embellishing
1639 2510 1686 2539 the
1699 2508 1786 2537 world
1799 2507 1867 2536 with

1042 2559 1194 2589 luminaries
1208 2560 1262 2589 and
1275 2560 1480 2590 constellations
1500 2559 1556 2589 like
1566 2558 1618 2588 'the
1639 2558 1733 2597 gaudy
1747 2557 1820 2586 dress
1837 2553 1871 2585 of
