1986 2795
173 157 254 199 356
711 144 796 194 DE
826 144 1050 194 RERUM
1080 148 1348 194 NATURA.
1681 151 1786 194 Lm.
1806 152 1859 197 V.

244 281 444 329 Humida
468 299 582 339 saxa,
620 294 752 346 super
777 278 907 326 viridi
933 276 1141 326 stillantia
1166 290 1352 333 musc03

243 377 300 421 Et
324 374 485 440 partim
512 375 648 441 plano
673 388 851 431 scatere,
891 386 1026 437 atque
1051 388 1299 436 erumpere,
1338 388 1515 436 campo.
1763 387 1861 435 950

311 471 414 516 Nec
440 470 550 516 dum
576 487 640 515 res
666 467 758 533 igni
785 467 954 514 scibant
979 480 1176 523 tractare,
1216 483 1363 530 neque
1389 464 1454 512 uti

245 561 452 619 Pellibus,
491 575 534 608 et
559 560 707 626 spoliis
733 577 893 624 corpus
919 558 1078 605 vestire
1104 557 1295 604 ferarum
1316 576 1327 604 ε

243 657 329 704 Sed
355 673 549 712 nemora,
588 668 720 718 atque
745 671 877 700 cavos
904 652 1109 708 monteis,
1147 651 1402 716 sylvasque,
1440 651 1644 700 colebant
1666 671 1677 709 3

246 754 306 797 Et
331 749 508 795 frutices
535 748 646 794 inter
671 747 923 794 condebant
948 745 1148 810 squalida
1172 745 1387 803 membra,

244 841 441 888 Verbera
466 853 704 887 ventorum
730 838 884 894 vitare,
924 836 1207 902 imbreisque,
1246 837 1431 885 coactei.
1763 857 1789 901 9
1798 855 1821 902 5
1830 855 1860 899 5

311 937 414 980 Nec
440 950 665 980 conrnune
689 932 862 977 bonum
889 944 1093 995 poterant
1119 943 1331 995 spectare,
1370 947 1517 996 neque
1543 930 1643 977 ullis

243 1027 446 1073 Moribus
472 1026 584 1072 inter
608 1043 652 1071 se
678 1025 876 1080 scierant,
916 1041 997 1070 nec
1023 1023 1210 1087 legibus,
1249 1023 1330 1070 uti.

244 1119 382 1172 Quod
407 1117 604 1182 quoique
631 1116 851 1163 obtulerat
875 1116 1036 1181 praedae
1062 1116 1253 1173 fortuna,
1293 1116 1491 1172 ferebat3

244 1216 415 1278 Sponte
439 1212 519 1258 su&
544 1211 623 1258 sibi
649 1210 838 1276 quisque
864 1210 1025 1268 valere,
1064 1223 1109 1257 et
1134 1210 1301 1268 vivere,
1340 1212 1513 1258 doctus.

311 1307 370 1350 Et
396 1307 553 1351 Venus
579 1303 621 1350 in
649 1302 787 1367 sylvis
805 1302 1027 1366 jungebat
1051 1320 1236 1368 corpora
1260 1317 1523 1351 amantum:
1762 1307 1866 1366 960

245 1398 522 1445 conciliabat
547 1397 669 1444 enim
695 1396 769 1443 vel
795 1409 952 1442 mutua
977 1414 1205 1461 quamque
1229 1396 1414 1461 cupido,

245 1490 334 1537 Vel
358 1489 555 1536 violenta
579 1489 662 1535 viri
687 1487 768 1544 vis,
807 1500 940 1551 atque
966 1487 1149 1552 inpensa
1174 1487 1358 1543 lubido;

247 1582 336 1629 Vel
361 1581 570 1647 pretium,
608 1580 805 1645 glandeS,
844 1594 978 1643 atq-ue
1004 1580 1170 1637 arbuta,
1211 1579 1285 1626 vel
1310 1580 1418 1645 pira,
1456 1580 1585 1627 lecta.

219 1876 251 1904 In
266 1875 376 1903 medern
392 1879 500 1910 poeti-y,
521 1882 562 1899 we
577 1878 625 1899 not
640 1870 833 1909 unfrequently
845 1879 915 1900 meet
931 1873 997 1900 with

1077 1873 1143 1900 Ver.
1157 1880 1224 1909 971.
1264 1873 1320 1901 But
1337 1882 1432 1911 graves
1453 1874 1584 1903 concean
1602 1873 1676 1908 them,
1758 1874 1773 1912 ]
1797 1874 1861 1904 The

179 1926 226 1954 the
247 1934 318 1953 same
338 1922 459 1951 iterative
475 1921 571 1959 figure.
611 1920 693 1949 Thus
712 1920 802 1958 Dyer‚
817 1931 880 1958 very
895 1921 999 1949 beauti-
1037 1920 1179 1957 following
1202 1921 1311 1957 parallel
1329 1923 1452 1961 painting
1472 1923 1504 1951 of
1521 1923 1595 1952 ovid
1608 1924 1630 1952 is
1645 1931 1694 1952 not
1713 1925 1861 1962 unworthy

179 1974 247 2011 fully
261 1984 269 2001 τ

238 2030 321 2059 Mean
336 2029 411 2062 time,
432 2029 456 2056 in
473 2027 594 2065 pleasing
608 2037 680 2061 carc,
695 2028 742 2056 the
757 2027 826 2065 pilot
840 2034 922 2056 steers

241 2079 363 2115 Steady;
384 2077 450 2105 with
465 2087 513 2113 eye
525 2077 611 2105 intent
626 2087 700 2114 upon
717 2077 762 2105 the
777 2076 853 2110 stecl‚

241 2128 353 2164 Steady,
368 2125 461 2154 before
475 2125 521 2153 the
535 2126 641 2158 brente,
664 2126 710 2153 the
724 2126 793 2163 pilot
807 2133 901 2153 steers.

773 2175 906 2207 Frzecxz,
920 2175 954 2202 iv.
970 2181 1003 2212 5..

180 2226 220 2253 So
235 2224 363 2260 Cowpen
378 2222 403 2249 in
415 2222 456 2249 his
470 2222 601 2259 exquisite
618 2222 782 2259 description
796 2223 828 2250 of
841 2222 939 2250 Omia:

219 2279 301 2307 Thus
317 2278 408 2314 Faucy
421 2277 509 2313 paints
525 2277 595 2308 thee,
607 2277 669 2309 and,
685 2277 792 2315 though
808 2285 855 2314 apt
870 2285 899 2305 to
909 2288 960 2310 err,

221 2328 352 2364 Perhaps,
367 2335 420 2353 crrs
430 2324 510 2357 little,
526 2325 604 2352 when
619 2326 664 2352 she
679 2326 768 2362 paints
782 2327 844 2354 thee
855 2326 929 2354 thus.

876 2375 965 2403 TAsx
982 2374 1000 2403 i.

220 2424 371 2453 Marehetti
385 2423 433 2451 has
447 2430 495 2451 not
509 2423 625 2450 omitted
639 2423 693 2451 this
707 2423 815 2461 elegant
829 2432 903 2459 turn,
917 2425 944 2452 in
958 2425 1000 2452 his

183 2481 283 2499 version
295 2481 302 2498 ε

317 2517 343 2544 E
358 2516 402 2543 dal
416 2516 498 2554 fango
512 2516 585 2544 lavai-
598 2517 635 2555 gli
651 2518 735 2545 umidi
750 2518 823 2552 sassi,

317 2563 366 2591 Gli
382 2564 465 2591 umidi
479 2565 551 2596 sassi,
567 2576 646 2602 sopra
657 2566 674 2593 il
685 2567 764 2595 verde
780 2577 874 2596 musco

317 2611 437 2640 D’uxnor
452 2613 542 2642 chiaro
557 2614 677 2644 stillanti.

1037 1968 1070 1996 of
1081 1979 1095 1996 a
1110 1970 1281 2006 comparison
1297 1971 1363 1998 with
1379 1982 1430 1999 our
1443 1981 1526 2008 poet:

1077 2026 1144 2053 Vita
1159 2025 1220 2054 ferae
1235 2027 1336 2060 similis,
1351 2027 1439 2056 nullos
1453 2029 1557 2067 agitata
1578 2039 1627 2067 per
1640 2040 1724 2058 usus:

1117 2075 1197 2102 Artis
1212 2076 1300 2104 adhuc
1313 2086 1417 2114 expers,
1439 2085 1466 2105 et
1481 2079 1557 2111 rude,
1571 2078 1670 2116 vulgus
1682 2084 1767 2106 erant.

1079 2123 1133 2152 Pro
1148 2124 1274 2152 domibus
1288 2125 1396 2153 frondes
1411 2126 1519 2158 norant,
1539 2137 1588 2164 pro
1605 2127 1729 2164 frugibus
1743 2126 1839 2154 herbas
1851 2135 1863 2153 ι

1118 2171 1221 2199 Nectar
1235 2179 1292 2199 erat
1306 2172 1401 2208 palmis
1415 2174 1511 2202 hausta
1526 2174 1631 2202 duabus
1642 2184 1722 2211 aqua.

1079 2219 1179 2248 Nullus
1193 2220 1335 2248 anhelabat
1351 2223 1400 2249 sub
1416 2222 1523 2250 adunco
1537 2233 1643 2250 vomere
1658 2230 1750 2250 taurus
1763 2233 1770 2250 ε

1118 2268 1200 2297 Nulla
1216 2270 1265 2297 sub
1280 2270 1392 2307 imperio
1406 2278 1476 2299 terra
1489 2271 1603 2300 colentis
1617 2279 1684 2299 erat.

1637 2318 1733 2347 FAsr.
1748 2319 1776 2347 ii.
1794 2328 1858 2357 29³.

1079 2375 1153 2403 Like
1168 2375 1214 2403 the
1230 2375 1291 2403 wiltl
1308 2375 1397 2410 herds,
1415 2377 1541 2410 inactive,
1556 2376 1744 2415 unemploy’d,

1079 2425 1151 2452 Void
1167 2424 1198 2452 of
1209 2424 1242 2451 all
1257 2434 1307 2455 art.
1323 2435 1336 2452 a
1352 2427 1494 2454 barb'rous
1509 2426 1578 2459 race,
1594 2426 1659 2464 they
1675 2427 1760 2454 rov’d.

1078 2473 1183 2502 Leaves
1198 2484 1267 2501 were
1288 2474 1359 2502 their
1381 2476 1484 2509 homes,
1508 2476 1579 2503 their
1594 2474 1662 2503 food
1682 2475 1729 2504 the
1747 2481 1859 2514 vagrant

1195 2523 1260 2550 herb
1274 2534 1281 2555 3

1078 2571 1141 2601 The
1169 2579 1265 2599 stream
1293 2573 1364 2601 their
1391 2580 1493 2609 nectar,
1523 2574 1639 2612 scoop’d
1665 2573 1733 2602 with
1760 2571 1859 2602 double

1194 2620 1289 2658 palms.
