1986 2795
184 99 237 135 28

694 96 779 138 DE
810 95 1032 138 RERUM
1063 97 1330 140 NATURA.

1660 99 1764 142 Lm.
1786 100 1860 143 IV.

255 220 489 269 Montibus
513 222 692 279 anteire,
731 235 775 270 et
799 223 939 270 solem
964 223 1203 270 subcedere
1227 235 1435 288 propter:

257 315 368 362 Inde
393 314 498 361 alios
524 315 708 372 trahere,
747 329 879 381 atque
905 315 1128 373 inducere,
1165 315 1314 362 bellua
1338 315 1528 363 nimbos,

324 410 465 455 Nunc
490 426 555 465 ea,
593 426 730 473 quam
756 408 873 455 facili
897 421 942 456 et
966 408 1098 456 celeri
1122 408 1290 455 ratione
1313 422 1534 473 gerantur,

256 503 569 565 Perpetuoque
594 500 735 548 fluant
761 501 814 547 ab
840 501 983 558 rebus,
1021 500 1230 564 labsaque
1255 500 1428 547 cedant.

1772 521 1863 566 145

256 596 439 658 Semper
463 592 584 640 enim
609 612 838 641 summum
865 593 1085 658 quidquid
1109 593 1165 639 de
1189 591 1318 639 rebus
1342 593 1552 650 abundat,

256 686 395 738 Quod
411 686 693 750 jaculentur:
731 700 775 733 et
800 685 944 741 hocc’,
984 685 1085 732 alias
1110 703 1251 750 quom
1277 686 1481 750 pervenit
1506 686 1551 735 in
1576 704 1656 744 res,

254 778 446 835 Transit,
485 792 534 825 ut
559 778 604 825 in
630 778 782 843 primis
807 792 978 825 vestem
1000 797 1010 824 :
1049 778 1139 835 sed,
1177 777 1256 824 ubi
1282 796 1432 843 aspera
1456 796 1569 836 saxa,

253 880 352 923 Aut
377 876 423 923 in
449 876 678 923 materiam
703 875 827 940 ligni,
866 874 1070 941 pervenit
1092 895 1102 930 ;
1140 873 1227 921 ibei
1244 874 1342 938 jam

254 972 491 1030 Scinditur,
531 986 579 1018 ut
605 971 782 1018 nullum
808 971 1096 1018 simulacrum
1121 968 1301 1016 reddere
1327 968 1476 1033 possit.

1776 987 1864 1032 150

253 1067 320 1114 At
345 1083 500 1131 quom,
540 1065 770 1130 splendida
795 1083 895 1130 quae
920 1076 1136 1119 constant,
1176 1062 1363 1127 obposta
1386 1061 1582 1119 fuerunt,

254 1160 508 1222 Densaque,
549 1172 597 1204 ut
624 1157 668 1204 in
694 1157 845 1222 primis
871 1156 1106 1223 speculum
1131 1168 1195 1203 est
1216 1175 1226 1211 3
1264 1153 1374 1202 nihil
1399 1153 1564 1200 adcidit
1588 1154 1776 1203 horum:

254 1252 380 1299 Nam
404 1267 564 1315 neque,
602 1249 695 1297 utei
720 1263 907 1307 vestem,
945 1260 1131 1315 possunt
1155 1247 1349 1304 transire,
1388 1265 1534 1312 neque
1558 1261 1660 1295 ante

230 1550 296 1578 Und
312 1559 391 1576 wozu
407 1548 452 1575 ihn
469 1557 522 1574 nun
537 1546 601 1575 bald
615 1547 662 1574 des
683 1546 876 1585 allm‘achtigen
890 1545 1007 1577 stimme,

342 1596 510 1627 Vers'cihner,

228 1646 317 1675 Dcine
345 1645 450 1673 stimme
476 1655 530 1672 nun
553 1644 616 1672 bald
644 1643 791 1672 crschafl'cn
819 1643 925 1671 werde!
961 1642 1006 1670 Sie

340 1694 416 1730 neigt
432 1693 490 1720 sich

227 1742 324 1771 Heber
337 1741 393 1774 ihn,
415 1742 470 1769 und
485 1741 639 1769 betrachtet
655 1741 700 1768 ihn
716 1749 781 1769 stets
802 1740 851 1768 mit
870 1739 1003 1767 froherem

339 1790 439 1818 bleikc.

227 1840 281 1869 Mit
303 1839 454 1878 gefulteten
469 1839 586 1871 handen,
610 1836 664 1866 voll
683 1837 771 1865 sussex·
788 1837 919 1864 namloser
935 1836 1007 1864 freu-

340 1889 403 1922 den,

197 1951 202 1953 >
228 1937 313 1965 stand
328 1936 370 1963 ihr
383 1935 473 1973 engcl,
494 1935 550 1962 und
565 1935 647 1962 sah's.
688 1934 766 1970 Jetzt
790 1932 876 1961 scholl
894 1932 941 1960 des
959 1931 1007 1959 all-

343 1984 499 2021 m'zichtigen
515 1984 620 2011 stimme
633 1986 638 2010 Ξ

231 2034 317 2062 Rnhel
331 2033 407 2061 sank.
450 2033 502 2059 Ihn
517 2032 630 2059 daucht’
646 2042 683 2064 es,
698 2031 736 2058 als
749 2031 786 2059 ob
801 2031 838 2058 sie
851 2030 877 2057 in
892 2030 1005 2058 thr'zinen

343 2080 480 2114 zerflkisse,

228 2131 306 2160 Sanft
322 2130 346 2158 in
363 2130 589 2158 frendenthriinen
605 2141 613 2164 ς
627 2129 709 2157 hinab
724 2129 749 2156 in
765 2128 923 2157 schattende
935 2127 1007 2155 thale

225 2180 351 2221 (Q'ollcz
387 2178 443 2206 sich
472 2178 540 2206 iiber
564 2179 605 2206 ein
635 2178 778 2206 wekendes
813 2176 1007 2205 blumcnvolles

343 2228 454 2265 gestadc

228 2278 330 2307 Leicht.
357 2276 458 2304 erhiibe
473 2288 479 2304 ;
515 2276 585 2303 dann
614 2275 823 2312 neugeschaffen
848 2281 927 2303 unter
953 2275 1005 2302 den

340 2326 453 2354 blumen

229 2377 323 2405 Dia-ees
345 2375 480 2412 gestades,
504 2374 560 2403 und
583 2375 666 2402 seiner
688 2373 767 2401 diifte
789 2371 928 2410 geriichen
950 2372 1007 2401 sich

341 2421 425 2448 sande

231 2472 301 2504 μιν,
315 2469 449 2498 erwachte
472 2470 508 2498 sie
522 2480 594 2508 ganz
610 2471 616 2496 ἒ
641 2469 686 2497 Sie
701 2468 768 2496 {Lilte
784 2468 852 2500 sich,
873 2468 935 2496 sabe
951 2467 1007 2496 sich

340 2528 359 2541 ν,
369 2519 432 2544 esst*
449 2527 475 2544 ee

1083 1542 1157 1571 Dass
1170 1542 1212 1570 ein
1225 1552 1307 1570 neuer
1321 1542 1518 1571 unsterblicher
1531 1541 1584 1570 leib
1599 1542 1635 1570 sie
1650 1543 1762 1581 umgab.
1807 1542 1863 1572 Mu

1199 1589 1381 1627 cntziickung

1083 1640 1161 1668 Sieht
1176 1640 1212 1668 sie
1231 1651 1283 1678 gen
1303 1640 1424 1674 himmel,
1449 1641 1506 1669 und
1529 1641 1618 1670 dankt
1641 1642 1712 1676 dem,
1733 1642 1783 1670 der
1800 1652 1863 1671 vom

1199 1690 1264 1717 tode
1276 1690 1312 1717 sie
1326 1689 1435 1718 aufrief.

1083 1747 1173 1781 Thus,
1195 1758 1222 1776 as
1237 1749 1284 1776 she
1297 1749 1395 1786 spokc,
1417 1749 1504 1777 below
1517 1749 1574 1782 her,
1594 1748 1665 1777 from
1680 1749 1834 1787 megi-ave,

1083 1796 1191 1834 Sprang
1205 1807 1220 1825 a
1235 1797 1307 1836 light
1322 1798 1404 1826 cloud
1419 1799 1444 1826 in
1460 1809 1540 1836 many
1554 1809 1569 1826 a
1584 1798 1706 1837 fragrant
1719 1809 1804 1832 wave,

1085 1845 1159 1873 Such
1174 1855 1202 1873 as
1215 1846 1263 1874 the
1278 1857 1347 1880 rose,
1367 1847 1415 1874 the
1429 1846 1517 1874 vernal
1532 1847 1631 1875 arbour
1644 1847 1769 1875 brenthes

1084 1895 1177 1922 When
1192 1895 1298 1924 blooms
1313 1896 1346 1924 of
1357 1896 1434 1924 silver
1448 1896 1560 1934 spangle
1574 1896 1609 1924 all
1623 1897 1658 1924 its
1672 1896 1814 1924 wreathes.

1084 1942 1129 1970 As
1144 1943 1247 1971 streaks
1261 1943 1294 1972 of
1315 1945 1438 1972 radiance
1453 1946 1524 1972 eve’s
1537 1944 1633 1982 bright
1647 1943 1781 1972 cloudlets
1795 1944 1865 1988 gild,

1086 1991 1124 2019 So
1139 1992 1185 2019 the
1200 2003 1268 2030 pure
1283 2003 1386 2030 vapour
1402 1992 1532 2021 Rachcl’s
1546 1993 1625 2031 glory
1641 1992 1734 2020 frill’d.

1086 2039 1140 2067 She
1159 2040 1266 2068 mark’d
1281 2041 1329 2070 the
1343 2041 1474 2079 hovering
1489 2041 1562 2074 mist,
1583 2041 1609 2068 in
1625 2041 1771 2079 changeful
1786 2042 1864 2080 guise

1021 2101 1024 2103 *
1086 2087 1158 2115 Now
1173 2088 1238 2116 float
1253 2089 1352 2122 amain,
1373 2099 1434 2117 now
1450 2089 1521 2121 sink,
1542 2090 1595 2117 and
1610 2089 1720 2128 sinking
1741 2090 1802 2124 riae,

1086 2136 1169 2168 Near,
1190 2137 1241 2164 and
1257 2137 1311 2164 still
1326 2147 1427 2165 nearer.
1470 2138 1552 2165 With
1567 2138 1691 2176 exulting
1705 2138 1781 2177 sight

1086 2184 1141 2212 She
1155 2185 1220 2221 ey’d
1234 2185 1281 2213 the
1297 2185 1421 2213 wonders
1434 2184 1468 2212 os
1477 2186 1592 2214 creative
1607 2187 1707 2225 might,

1084 2235 1223 2262 Wonders
1236 2235 1307 2262 alike
1323 2235 1349 2262 in
1363 2234 1433 2262 little
1447 2245 1475 2262 as
1489 2235 1514 2262 in
1530 2242 1619 2273 great,

1084 2281 1145 2309 Nor
1158 2281 1267 2309 deem’d
1282 2282 1329 2309 the
1344 2288 1448 2310 meteor
1461 2282 1543 2310 could
1557 2290 1587 2310 to
1601 2283 1649 2310 her
1663 2282 1755 2317 relate,

1086 2330 1146 2358 Nor
1159 2330 1218 2358 into
1233 2330 1305 2357 what
1321 2329 1363 2357 th’
1378 2330 1531 2368 Almighty
1545 2331 1632 2364 word,
1653 2342 1720 2360 once
1734 2332 1836 2369 pass’d,

1084 2380 1152 2416 Thy
1163 2379 1249 2411 word,
1273 2378 1423 2407 Redeemer
1436 2381 1442 2407 !
1466 2380 1548 2407 could
1563 2380 1610 2408 the
1624 2380 1707 2408 vision
1721 2389 1790 2408 cast.

1085 2429 1200 2467 Musing
1215 2428 1262 2456 she
1279 2429 1390 2467 press’d,
1411 2429 1464 2456 and
1479 2429 1544 2457 with
1559 2429 1684 2466 exulting
1698 2439 1758 2466 eye,

1087 2477 1150 2506 Met
1164 2477 1195 2504 it.
1240 2476 1302 2505 Her
1315 2477 1445 2515 guardian
1461 2478 1538 2515 spirit
1553 2478 1665 2506 hover'd
1680 2478 1745 2515 nigh
1759 2489 1767 2511 ς

1083 2526 1193 2554 View'd
1207 2525 1254 2554 the
1269 2533 1329 2564 rapt
1346 2526 1426 2559 saint,
1447 2527 1514 2555 with
1529 2533 1639 2555 nascent
1652 2525 1698 2554 life
1711 2527 1824 2561 endu’d‚
