1986 2795
183 107 235 149 72

257 229 316 275 Et
340 240 488 274 tamen
512 227 598 274 hoc
622 245 803 292 quoque
828 227 919 274 utei
944 227 1187 274 concedam
1213 225 1335 281 scire,
1373 236 1418 270 at
1442 223 1487 271 id
1511 223 1661 291 ipsum

697 99 783 142 DE
812 99 1034 142 RERUM
1066 100 1330 142 NATURA.

1656 102 1762 144 Lm.
1784 102 1860 144 IV.

1756 211 1876 290 475'

253 322 476 377 Quaeram,
513 338 654 384 quom
679 319 724 367 in
748 320 876 367 rebus
900 319 993 367 veri
1018 319 1129 366 nihil
1154 316 1314 364 viderit
1338 328 1455 374 ante,

255 412 387 459 Unde
412 412 531 470 sciat,
568 412 678 477 quid
702 412 755 459 sit
780 412 900 469 scire,
939 425 983 458 et
1007 410 1172 458 nescire
1197 408 1420 456 vicissim:

256 504 476 551 Notitiam
501 504 593 551 veri
617 522 717 569 quae
742 521 821 560 res,
860 502 1059 566 falsique,
1098 500 1282 556 crearit3

257 597 317 642 Et
342 595 528 642 dubium
554 609 673 642 certo
698 613 797 659 quae
821 612 886 641 res
911 593 1083 639 differre
1106 590 1315 656 probarit.

326 688 531 736 Invenies
556 688 707 753 primis
732 688 786 734 ab
811 686 1005 734 sensibus
1030 703 1121 732 esse
1146 698 1337 731 creatam

1762 688 1860 744 480

258 782 478 828 Notitiam
505 780 609 836 veri,
648 798 793 844 neque
818 797 966 827 sensus
991 796 1118 844 posse
1142 776 1311 824 refelli:

258 877 380 921 Nam
405 874 568 936 majore
594 872 682 919 fide
708 872 840 919 debet
864 871 1090 938 reperirier
1114 870 1240 926 illud,

256 967 422 1028 Sponte
448 963 523 1009 sua
548 962 660 1008 veris
684 961 808 1025 quod
832 961 967 1026 possit
992 960 1169 1006 vincere
1195 958 1315 1006 falsa.

257 1054 381 1108 Quid
405 1054 568 1118 majore
593 1053 682 1100 fide
706 1071 852 1118 porro,
890 1071 1027 1118 quam
1053 1071 1216 1110 senSUS,
1253 1051 1405 1099 haberi

254 1145 437 1192 Debet?
475 1163 530 1191 an
554 1144 608 1190 ab
634 1161 760 1190 sensu
787 1143 895 1191 falso
920 1144 1028 1191 ratio
1053 1158 1146 1191 orta
1169 1143 1337 1191 valebit

1762 1147 1860 1206 485

255 1238 416 1285 Dicere
440 1255 514 1284 eos
538 1250 703 1294 contra,
741 1255 841 1302 quae
866 1251 959 1285 tota
983 1239 1037 1285 ab
1063 1238 1258 1286 sensibus
1283 1232 1378 1284 orta
1402 1240 1501 1285 est?

255 1328 374 1382 Quei
399 1328 479 1375 nisi
504 1342 606 1375 sunt
630 1328 764 1385 vesei,
802 1330 911 1377 ratio
934 1348 1115 1395 quoque
1141 1329 1249 1377 falsa
1272 1329 1325 1376 fit
1350 1328 1509 1376 omnis.

256 1425 334 1468 An
359 1435 566 1486 poterunt
591 1421 742 1467 oculos
767 1439 888 1468 aures
913 1421 1266 1487 reprehendere?
1305 1439 1361 1468 an
1385 1419 1524 1467 aureis

256 1518 456 1562 Tactus?
495 1534 549 1562 an
575 1516 695 1563 hunc
722 1534 850 1581 porro
875 1530 1044 1563 tactum
1068 1534 1196 1581 sapor
1220 1529 1375 1580 arguet
1399 1514 1514 1570 oris;

259 1610 337 1652 An
362 1605 656 1653 confutabunt
682 1625 817 1664 nares,
855 1608 1058 1655 oculeive
1082 1607 1313 1654 revincent
1335 1609 1351 1654 ?

1762 1624 1864 1670 490

261 1702 385 1755 Non,
423 1713 473 1745 ut
497 1699 668 1764 opinor,
708 1699 766 1744 ita
790 1713 853 1745 est
874 1718 885 1745 ε
923 1718 1025 1747 nam
1051 1717 1248 1746 seorsum
1272 1699 1470 1764 quoique
1494 1711 1686 1765 potestas

261 1791 416 1838 Divisa
441 1805 504 1838 est
525 1811 535 1847 ;
573 1809 649 1837 sua
673 1790 738 1836 vis
763 1791 959 1856 quoique
984 1806 1075 1839 est:
1115 1792 1305 1856 ideoque
1330 1809 1507 1838 necesse
1531 1804 1610 1847 est,

193 1992 250 2023 has,
271 1992 414 2026 therefore,
435 1992 563 2021 ventured
579 2002 652 2029 upon
668 2002 702 2019 no
717 1990 932 2027 interpretation,
953 1989 1006 2017 and

193 2039 298 2068 C'eech
312 2040 359 2068 has
373 2040 437 2077 only
451 2040 565 2078 glanced
579 2047 608 2067 at
622 2039 668 2067 the
682 2038 833 2076 expression
849 2037 1007 2075 paraphras-

191 2087 303 2125 tically:
330 2088 490 2121 Lambinus,
513 2088 574 2115 who
601 2088 623 2115 is
646 2086 794 2123 extremely
822 2085 886 2113 fond
911 2085 943 2113 of
961 2095 1006 2113 ex-

191 2134 288 2167 cision,
308 2135 397 2162 would
419 2142 558 2171 amputate
583 2134 629 2161 the
649 2144 721 2161 verse
743 2132 866 2169 entirely.
909 2132 1006 2166 Faber,

192 2181 327 2214 however,
348 2193 412 2210 even
427 2183 452 2210 in
467 2183 502 2210 its
523 2192 648 2210 common
672 2182 781 2214 lection,
802 2181 931 2218 imagines
951 2181 971 2208 it
986 2181 1007 2209 is

191 2229 325 2267 perfectly
340 2231 526 2268 perspicuous,
546 2230 597 2257 and
610 2230 655 2257 the
670 2229 754 2257 simile
768 2228 864 2266 highly
879 2228 985 2266 elegant
998 2240 1005 2257 ε

194 2282 213 2295 “
228 2278 304 2306 locus
322 2280 416 2311 sane‚”
437 2288 498 2314 says
518 2278 562 2310 he,
591 2282 610 2295 “
624 2277 861 2309 luculentissimus,
880 2284 907 2305 et
927 2287 1008 2313 quem

193 2326 233 2354 vir
257 2326 356 2354 doctus
379 2326 511 2355 solicitare
531 2336 584 2354 non
611 2325 774 2354 debuerat.”
815 2325 900 2362 Upon
916 2325 956 2352 his
970 2326 1009 2352 in-

194 2373 370 2410 terpretation
393 2384 433 2402 we
452 2373 507 2401 find
529 2373 551 2401 it
572 2372 636 2400 thus
657 2372 784 2400 rendered
803 2372 829 2399 in
853 2372 1006 2401 Guernier:

194 2427 212 2440 ‘⁸
229 2423 289 2450 who
312 2429 430 2460 perverts
449 2422 484 2450 au
502 2423 605 2460 things,
626 2422 679 2450 and
702 2421 757 2449 like
771 2432 785 2449 a
800 2421 918 2450 tumbler
941 2422 1008 2450 with

193 2470 234 2498 his
251 2470 320 2498 head
345 2480 427 2507 prone
450 2478 480 2499 to
501 2471 548 2500 the
568 2470 656 2506 earth,
676 2480 725 2499 can
745 2480 783 2509 go
805 2480 840 2498 no
864 2470 1007 2500 otherwise

194 2518 259 2548 than
274 2518 466 2547 backwards.¹’

1084 1989 1235 2019 Marchetti
1249 1990 1271 2018 is
1284 1989 1333 2018 the
1353 1989 1418 2027 only
1433 1988 1579 2018 translator
1593 1989 1657 2017 who
1671 1988 1720 2016 has
1743 1988 1868 2016 hitherto

1045 2037 1163 2064 adhered
1184 2045 1214 2065 to
1237 2037 1285 2065 the
1303 2037 1471 2074 manuscript
1489 2036 1582 2073 copies
1598 2036 1667 2064 from
1693 2035 1784 2064 which
1807 2034 1867 2063 Mr-

1045 2085 1201 2114 Wakefield
1216 2086 1264 2114 has
1277 2086 1401 2114 deduced
1415 2085 1457 2113 his
1470 2084 1570 2113 lection
1584 2096 1591 2113 ε

1199 2144 1324 2181 disputar
1336 2150 1434 2172 contro
1447 2154 1464 2171 a
1476 2143 1567 2171 costui

1086 2193 1163 2229 Opra
1177 2203 1243 2220 vana
1257 2193 1334 2226 saria,
1355 2193 1453 2220 mentr’
1477 2191 1525 2229 egli
1535 2199 1611 2220 stesso

1088 2240 1150 2268 Co‘l
1158 2252 1202 2269 suo
1219 2241 1326 2279 proprio
1339 2239 1424 2268 τηνεὶ
1433 2251 1506 2268 corre
1517 2240 1565 2268 all’
1579 2239 1694 2268 indietro.

1086 2327 1151 2354 Ver.
1165 2327 1234 2363 496.
1278 2326 1356 2355 What
1364 2333 1449 2365 prove
1464 2325 1544 2364 ought
1563 2324 1686 2363 doubtful,
1707 2334 1739 2352 or
1751 2325 1785 2361 os
1791 2324 1866 2352 doubt

1162 2375 1296 2412 devoid?]
1321 2375 1386 2404 The
1407 2375 1461 2403 late
1483 2375 1605 2412 worthy,
1634 2373 1687 2401 and
1710 2371 1867 2401 ostentimes

1048 2423 1190 2456 factiuns,
1221 2423 1350 2462 Cowper‚
1373 2424 1454 2452 could
1480 2430 1529 2452 not
1552 2422 1650 2451 refrain
1669 2421 1740 2449 from
1758 2421 1867 2455 attack-

1047 2471 1095 2509 ing
1121 2472 1168 2500 the
1197 2473 1307 2500 modern
1334 2473 1426 2511 pupils
1450 2472 1483 2501 of
1506 2472 1561 2501 this
1587 2470 1724 2500 academie
1747 2469 1868 2507 philoso-

1047 2519 1105 2556 phy
1120 2519 1260 2549 whcnever
1277 2530 1311 2549 an
1325 2520 1508 2558 opportunity
1522 2518 1654 2547 occurred
1668 2528 1676 2553 ς
1696 2518 1760 2551 and,
1778 2517 1805 2544 in
1825 2517 1867 2544 hi·
