1986 2795
232 133 306 169 120
767 123 850 164 DE
882 121 1104 163 RERUM
1136 118 1399 160 NATURA.
1710 115 1814 156 erz.
1840 115 1912 155 IV.

295 254 443 298 Tanta
467 263 531 296 est
557 247 792 304 mobilitas,
831 261 875 294 et
900 264 1047 294 rerum
1073 244 1200 309 copia
1226 256 1373 288 tanta:
1818 242 1916 284 800

298 346 414 400 Hoc,
454 342 531 388 ubi
557 341 699 406 prima
725 339 868 405 periit,
907 339 1084 402 alioque
1109 350 1172 383 est
1198 335 1332 381 altera
1367 346 1468 381 nata

301 437 413 486 Inde
438 449 567 490 statu,
607 433 724 498 prior
749 432 846 478 heic
872 444 1050 495 gestum
1077 442 1267 476 mutasse
1292 425 1483 472 videtur.

302 532 373 586 Et,
412 527 517 592 quia
542 525 691 572 tenuia
716 538 832 580 sunt,
872 522 952 569 nisi
977 539 1077 585 quae
1102 516 1347 574 contendit,
1385 529 1513 563 acute

305 624 500 668 Cernere
526 636 616 665 non
642 616 758 682 potis
783 629 847 662 est
872 614 1074 667 animu53
1112 610 1299 677 proinde
1325 607 1490 664 omnia,
1529 625 1628 670 quae
1655 620 1757 652 sunt

306 716 533 767 Praeterea,
573 723 774 774 pereunt,
813 708 895 754 nisi
919 724 1020 770 quae
1045 723 1098 752 ex
1123 721 1214 750 sese
1240 702 1332 767 ipse
1358 699 1543 766 paravit.

307 810 410 871 Ipse
436 817 556 869 parat
582 820 673 849 sese
695 819 840 866 porr0‚
880 811 1113 864 speratque
1139 795 1350 851 futuram,

309 900 373 943 Ut
398 895 561 952 videat,
599 893 722 957 quod
749 889 1048 953 consequitur,
1086 905 1180 933 rem
1205 902 1432 950 quamque
1454 903 1464 930 :
1504 885 1556 930 sit
1581 902 1701 948 ergo.
1825 889 1918 945 805

379 1182 548 1226 Nonne
573 1177 711 1234 vides,
751 1176 904 1222 oculos
929 1176 1080 1232 etiam,
1118 1191 1273 1238 quom,
1313 1174 1463 1220 tenuia
1487 1192 1587 1238 quae
1612 1190 1729 1231 sunt,

311 1275 503 1319 Cernere
528 1282 778 1334 coeperunt,
817 1267 1085 1315 contendere
1109 1284 1168 1323 se,
1207 1279 1340 1330 atque
1366 1284 1545 1331 parare3

314 1366 414 1410 Nec
440 1362 531 1408 sine
556 1379 611 1407 eo
636 1360 730 1407 fieri
757 1377 898 1424 posse,
936 1371 987 1405 ut
1011 1376 1243 1405 cernamus
1269 1359 1431 1403 acute?

315 1456 373 1499 Et
397 1467 547 1499 tamen
573 1451 618 1497 in
644 1450 772 1497 rebus
797 1467 978 1514 quoque
1004 1447 1162 1513 apertis
1189 1464 1368 1494 noscere
1394 1447 1546 1511 possis,

314 1544 358 1591 Si
383 1561 474 1590 non
498 1543 701 1588 advortas
726 1541 942 1596 animum,
981 1539 1167 1605 proinde
1192 1556 1297 1596 esse,
1337 1538 1460 1602 quasi
1486 1540 1610 1586 omni
1830 1546 1927 1590 810

314 1638 543 1698 Tempore
568 1645 792 1679 semotum
818 1630 963 1688 fuerit,
1002 1631 1226 1695 longeque
1252 1643 1492 1676 remotum.

317 1729 448 1780 Quur
472 1725 606 1790 igitur
630 1725 794 1771 mirum
820 1739 898 1782 est,
937 1723 1111 1771 animus
1136 1723 1169 1769 si
1195 1736 1350 1769 caetera
1373 1723 1533 1788 perdit,

320 1821 479 1864 Praeter
503 1834 639 1880 quam
665 1815 826 1879 quibus
850 1830 915 1862 est
940 1816 985 1862 in
1010 1816 1139 1862 rebus
1164 1815 1339 1862 deditus
1365 1815 1492 1880 ipse?

322 1910 518 1966 Deinde,
556 1908 849 1973 adopinamur
874 1907 928 1952 de
953 1905 1086 1970 signis
1112 1923 1320 1952 maxuma
1359 1907 1516 1970 parvis,

324 2003 396 2047 Ac
422 2018 500 2046 nos
526 1999 571 2045 in
597 1998 796 2044 fraudem
821 1997 1047 2044 induimus
1073 1996 1362 2043 frustraminis
1379 1997 1502 2062 ipsei.
1838 2004 1861 2047 8
1877 2017 1931 2061 15

391 2092 462 2138 Fit
486 2109 682 2155 quoque,
721 2104 770 2137 ut
795 2090 1019 2137 interdum
1045 2108 1137 2136 non
1161 2090 1468 2154 subpeditetur
1492 2090 1640 2154 imago

327 2184 542 2248 Ejusdem
566 2183 766 2247 generis3
803 2183 878 2229 sed
903 2181 1084 2239 femina,
1121 2201 1222 2247 quae
1246 2182 1332 2229 fuit
1356 2196 1456 2229 ante

259 2416 304 2443 the
319 2423 374 2443 two
388 2415 450 2443 that
463 2413 568 2446 follow,
589 2422 632 2440 are
654 2411 756 2440 seldom
776 2411 894 2439 inserted
912 2411 939 2439 in
954 2421 1006 2449 any
1021 2421 1078 2439 mo·
1159 2413 1235 2442 Even
1248 2412 1398 2441 Mar-chetti
1414 2413 1461 2442 has
1472 2414 1589 2443 omitted
1600 2414 1684 2448 them,
1699 2414 1750 2442 and
1762 2421 1789 2442 at
1804 2413 1851 2443 the
1866 2424 1938 2444 same

258 2464 322 2491 dern
340 2463 452 2495 edition,
472 2461 608 2499 although
621 2460 688 2497 they
703 2470 746 2488 are
762 2459 908 2497 uniformly
922 2466 952 2488 to
973 2460 1008 2488 be
1023 2466 1078 2488 met
1119 2462 1184 2490 time
1199 2462 1394 2490 misconceived
1415 2462 1462 2491 the
1483 2463 1543 2491 idea
1561 2462 1595 2491 of
1610 2463 1658 2491 the
1677 2468 1742 2500 poet
1756 2462 1782 2490 in
1804 2463 1850 2491 the
1865 2473 1938 2492 verse

258 2512 325 2540 with
343 2512 368 2539 in
380 2512 426 2539 the
441 2510 487 2539 old
500 2510 602 2548 copies.
1118 2508 1179 2537 that
1193 2509 1331 2548 precedeS,
1352 2509 1405 2536 and
1419 2509 1510 2537 which
1524 2509 1680 2539 introduces
1692 2508 1748 2537 this
1761 2515 1826 2538 note
1838 2520 1846 2538 ι
