1986 2795
210 125 288 163 104
751 116 838 159 DE
867 116 1093 160 RERUM
1126 116 1394 161 NATURA.
1702 119 1808 161 Lm·
1830 117 1906 160 IV.

280 249 397 302 Quae
422 246 588 295 feriunt
612 244 851 293 oculorum
875 246 1004 304 acies,
1043 246 1284 312 visumque
1308 245 1530 293 lacessunt
1550 264 1561 292 ε
1809 246 1904 307 695

279 341 569 390 Errabundus
595 340 718 388 enim
743 340 865 387 tarde
891 340 1031 399 venit,
1069 358 1120 387 ac
1145 339 1259 406 perit
1285 353 1387 387 ante

278 436 537 494 Paullatim,
577 434 743 482 facileis
768 433 1000 481 distractus
1027 434 1074 481 in
1098 433 1205 480 aeris
1231 451 1369 481 auras.

279 531 349 578 Ex
375 530 465 578 alto
489 530 692 596 primum
716 528 822 594 quia
847 527 923 575 vix
947 527 1167 576 emittitur
1192 545 1246 575 ex
1270 546 1316 575 re
1337 546 1349 575 τ

279 624 408 671 Nam
432 622 612 689 penitus
637 621 778 669 fluere
802 633 938 686 atque
962 619 1167 667 recedere
1192 619 1322 666 rebus
1347 620 1504 668 odores

282 715 529 781 Significat,
568 715 694 780 quod
718 714 855 761 fracta
878 712 1020 778 magis
1046 712 1244 760 redolere
1269 712 1481 760 videntur
1813 731 1911 777 700

282 809 465 867 Omnia,
503 808 629 874 quod
654 807 858 865 contrita,
896 807 1022 872 quod
1047 806 1140 871 igni
1166 806 1485 855 conlabefacta.

282 902 478 961 Deinde,
517 902 669 950 videre
695 901 800 948 licet
825 900 1066 965 majoribus
1093 917 1185 947 esse
1210 914 1409 948 creatum

282 995 530 1062 Principiis,
568 1014 706 1062 quam
732 1013 851 1052 vox3
888 993 1106 1059 quoniam
1131 1013 1210 1060 per
1234 1013 1360 1042 saxea
1385 1008 1520 1060 saepta

283 1090 397 1135 Non
422 1101 640 1153 penetrat,
679 1088 768 1153 qu&
793 1105 883 1134 vox
908 1087 1048 1152 volgo
1073 1088 1334 1153 sonitusque
1360 1088 1579 1136 feruntur.

284 1178 392 1233 Qua
415 1196 461 1226 re
486 1178 622 1226 etiam
647 1178 772 1243 quod
797 1177 903 1234 olet,
943 1196 1035 1224 non
1061 1190 1158 1224 tam
1182 1177 1312 1225 facile
1337 1196 1429 1226 esse
1454 1178 1626 1226 videbis
1818 1199 1912 1244 705

285 1272 575 1337 Investigare,
616 1271 661 1319 in
679 1272 776 1337 qu&
801 1270 855 1318 sit
880 1271 1062 1336 regione
1088 1271 1316 1318 locatum:

286 1365 557 1432 Refrigescit
581 1365 702 1413 enirn
729 1365 956 1412 contando
982 1366 1113 1431 plaga
1137 1383 1216 1431 per
1241 1384 1393 1421 aura33

287 1462 392 1508 Nec
417 1459 560 1507 calida
584 1460 640 1506 ad
665 1477 846 1507 sensum
871 1459 1128 1517 decurrunt,
1169 1458 1326 1506 nuntia
1351 1477 1514 1507 rerum.

288 1557 447 1602 Errant
473 1573 588 1620 saepe
614 1573 742 1602 canes
768 1554 933 1619 itaque,
972 1567 1016 1600 et
1042 1553 1229 1620 vestigia
1254 1567 1475 1619 quaerunt.

358 1651 464 1696 Nec
489 1662 641 1696 tamen
665 1648 753 1695 hoc
778 1647 879 1695 solis
906 1647 952 1694 in
977 1647 1202 1705 odoribus,
1241 1661 1375 1713 atque
1400 1665 1612 1713 saporum
1821 1666 1918 1710 710

290 1745 346 1789 In
369 1760 548 1808 genere,
587 1756 680 1789 est:
720 1742 797 1788 sed
822 1741 932 1788 item
957 1741 1125 1807 species
1150 1759 1313 1799 rerum,
1353 1754 1487 1806 atque
1511 1740 1699 1798 colores,

292 1838 407 1883 Non
432 1835 491 1882 ita
516 1835 796 1882 conveniunt
821 1835 877 1880 ad
902 1852 1052 1882 sensus
1077 1834 1287 1882 omnibus
1313 1853 1485 1892 omne-S,

294 1929 361 1972 Ut
386 1945 477 1973 non
503 1926 589 1973 sint
615 1925 708 1972 aliis
733 1926 941 1990 quaedam
966 1926 1107 1991 magis
1132 1926 1247 1973 acria
1270 1927 1389 1974 visis.

295 2023 427 2074 Quur
452 2020 586 2067 etiam
611 2021 798 2085 gallum,
838 2033 1020 2068 noctem
1045 2022 1389 2088 explodentibus
1413 2022 1505 2078 alis,

228 2222 319 2256 bab1e‚
343 2222 405 2251 that
426 2222 474 2250 the
495 2221 632 2259 olfactory
655 2232 729 2250 sense
750 2220 784 2249 of
805 2231 916 2258 persons
939 2221 1003 2249 thus
1017 2221 1060 2263 as-=
1099 2222 1132 2249 In
1148 2223 1195 2250 the
1205 2220 1320 2261 original
1335 2221 1410 2254 thm,
1432 2232 1485 2250 ver.
1501 2231 1566 2261 707.

230 2271 322 2300 fected
344 2281 407 2309 may
421 2271 455 2299 bc
470 2281 546 2298 more
560 2270 626 2298 alive
649 2279 678 2298 to
693 2271 741 2298 the
755 2270 844 2298 odour
865 2269 898 2297 of
919 2270 985 2298 such
1002 2271 1058 2298 ani-
1179 2271 1346 2310 Refrigescit
1361 2271 1431 2298 enim
1446 2273 1585 2301 contando
1596 2271 1678 2311 plaga
1692 2282 1742 2310 per
1754 2282 1853 2307 auran

230 2321 296 2349 mals
311 2333 318 2349 :
339 2327 387 2358 yet
403 2320 424 2348 it
435 2320 457 2347 is
471 2327 498 2347 at
512 2319 580 2347 least
594 2319 712 2356 possible
727 2319 788 2347 that
803 2318 871 2356 they
886 2329 947 2357 may
962 2319 996 2347 be
1019 2320 1058 2347 in·
1178 2322 1239 2350 Nec
1254 2321 1341 2349 calida
1356 2321 1390 2348 ad
1406 2331 1513 2350 sensum
1528 2323 1687 2355 decurrunt,

231 2370 355 2398 fluenced
376 2370 414 2407 by
428 2379 444 2397 a
458 2369 592 2397 sensation
616 2366 765 2406 peculiarly
780 2367 851 2395 their
869 2378 941 2400 own,
963 2369 1015 2396 and
1030 2369 1062 2396 of
1141 2377 1168 2405 lt
1183 2377 1204 2404 ῖς
1219 2377 1344 2410 obvious,
1365 2377 1427 2404 that
1440 2378 1488 2406 t'ne
1512 2386 1576 2417 poet
1589 2379 1612 2406 ἧς
1626 2377 1761 2415 speaking
1782 2377 1925 2415 metapho,

1100 2426 1203 2464 rically,
1225 2426 1277 2454 and
1296 2436 1388 2454 means
1407 2433 1438 2454 to
1453 2435 1546 2461 assert,
1561 2428 1622 2456 that
1637 2427 1684 2454 the
1696 2425 1828 2454 olfacicnt
1842 2425 1923 2454 efflux

1100 2476 1120 2503 is
1136 2485 1209 2503 more
1224 2476 1303 2514 tardy
1319 2476 1384 2503 than
1407 2476 1468 2504 that
1489 2476 1522 2504 of
1534 2477 1609 2515 sight
1629 2485 1661 2503 or
1681 2476 1780 2508 sound,
1800 2476 1853 2503 and
1874 2475 1926 2504 less

1099 2525 1185 2552 active
1200 2525 1227 2552 in
1243 2525 1277 2552 its.
1293 2525 1374 2563 ssight
1393 2525 1517 2564 through
1532 2525 1580 2554 the
1590 2524 1710 2553 medium
1723 2523 1757 2557 of
1777 2524 1826 2552 the
1839 2531 1928 2552 atmo-

631 2574 683 2612 sor
695 2571 735 2600 the
748 2579 839 2600 stream
1099 2573 1206 2611 sphere.
1241 2574 1298 2602 But
1312 2573 1346 2601 all
1361 2573 1408 2602 the
1423 2575 1541 2602 vex-siuns
1551 2573 1672 2601 hitherto
1686 2578 1782 2600 extant
1795 2571 1862 2600 have
1878 2581 1927 2599 un-

353 2620 435 2650 Chills
449 2633 478 2651 as
492 2624 511 2651 it
525 2622 620 2657 lofam,
635 2622 690 2651 and
704 2621 770 2650 with
785 2621 989 2660 languidsorce]
1099 2622 1230 2651 derstood
1245 2623 1292 2651 the
1307 2622 1464 2660 expression
1478 2621 1614 2660 literally3
1635 2621 1689 2649 and
1703 2628 1798 2655 assei-t,
1818 2620 1845 2649 in
1860 2630 1926 2648 con·-

231 2420 334 2452 which,
355 2418 425 2446 from
441 2418 495 2446 this
507 2428 569 2455 very
584 2417 758 2456 peculiarity,
780 2416 848 2454 they
863 2427 925 2454 may
940 2417 973 2445 be
987 2418 1060 2446 inca-

233 2469 312 2507 pable
327 2468 360 2496 of
371 2468 606 2506 communicating
617 2478 671 2506 any
681 2467 751 2495 idea.

271 2574 339 2601 Ver.
357 2580 422 2609 717·
