1986 2795
169 94 220 136 68
693 95 779 137 DE
809 95 1032 138 RERUM
1064 93 1330 138 NATURA.
1652 97 1757 140 Lm.
1779 98 1856 141 IV.

307 223 389 277 At,
427 219 461 266 si
486 220 599 268 forte
625 221 759 268 oculo
783 239 940 269 manus
965 222 1043 269 uni
1068 220 1244 268 subdita
1268 220 1416 267 subter

241 313 398 360 Pressit
422 331 543 371 eum,
581 315 778 378 quodam
804 333 932 362 sensu
958 315 1025 371 fit,
1063 314 1154 362 utei
1180 313 1415 360 videantur
1753 332 1853 378 450

240 405 422 464 Omnia,
460 425 559 471 quae
584 407 766 464 tuimur,
806 407 900 454 fieri
926 421 1024 454 tum
1050 407 1152 454 bina
1176 406 1379 462 tuundo;

241 499 353 546 Bina
377 499 657 547 lucernarum
682 501 883 548 florentia
908 500 1078 548 lumina
1102 499 1310 557 flammis,

239 592 440 656 Binaque
464 611 543 657 per
567 607 677 639 totas
703 593 832 640 aedeis
856 591 1081 656 geminare
1106 591 1305 656 supellex
1326 611 1338 647 ;

240 684 301 730 Et
325 684 526 750 duplices
552 684 789 731 hominum
815 684 961 741 facies,
999 697 1044 731 et
1068 701 1253 749 corpora
1275 683 1394 731 bina.

308 774 533 839 Denique,
571 792 712 838 quom
737 774 861 820 suavi
886 774 1086 821 devinxit
1111 775 1313 822 membra
1335 793 1495 841 sopore
1754 794 1850 839 455

241 871 445 923 Somnus,
484 880 528 912 et
553 866 598 913 in
624 868 799 914 summ-22
823 884 982 932 corpus
1000 867 1120 931 jacet
1145 885 1280 915 omne
1305 868 1456 932 quiete
1478 888 1489 925 ;

240 964 365 1008 Turn
390 959 572 1025 vigilare
597 974 748 1008 tamen
772 959 914 1017 nobis,
953 977 1002 1006 ac
1028 960 1229 1008 membra
1253 977 1437 1008 movere

240 1054 406 1099 Nostra
429 1052 665 1109 videntur;
702 1066 746 1099 et
770 1052 817 1099 in
840 1052 984 1100 noctis
1009 1052 1197 1117 caligine
1223 1053 1340 1100 caeca

239 1147 430 1191 Cernere
455 1162 685 1191 censemus
710 1144 865 1202 solem,
904 1145 1150 1210 lumenque
1175 1144 1389 1192 diurnum
1409 1163 1422 1192 t

239 1236 557 1301 Conclusoque
580 1236 681 1283 loco
705 1236 890 1294 coelum,
928 1254 1064 1294 mare,
1102 1236 1305 1294 flumina,
1343 1237 1550 1296 monteis,
1752 1243 1851 1299 460

237 1328 430 1384 Mutare,
468 1339 512 1373 et
536 1344 716 1391 campos
742 1326 931 1391 pedibus
955 1326 1150 1385 transire,
1188 1327 1430 1385 videmur3

240 1420 298 1465 Et
322 1418 488 1466 sonitus
513 1419 677 1476 audire,
716 1436 865 1466 severa
890 1419 1062 1467 silentia
1086 1420 1229 1467 noctis

240 1510 454 1574 Undique
479 1528 619 1575 quom
643 1522 873 1568 constent;
910 1524 954 1559 et
978 1513 1161 1560 reddere
1185 1512 1303 1560 dicta
1326 1526 1537 1562 tacentes.

308 1605 480 1649 Caetera
504 1602 559 1648 de
583 1619 742 1666 genere
767 1603 852 1650 hoc
878 1604 1077 1652 mirande
1100 1605 1244 1652 multa
1267 1605 1489 1665 videmus,

241 1696 355 1748 Quae
379 1693 543 1741 violare
567 1694 705 1742 fidem
729 1696 852 1760 quasi
877 1697 1074 1745 sensibus
1098 1698 1250 1746 omnia
1272 1712 1507 1764 quaerunt:
1751 1707 1846 1764 465

242 1787 592 1852 Nequidquam3
628 1789 842 1853 quoniam
866 1809 962 1855 pars
987 1792 1150 1839 horum
1174 1792 1369 1841 maxima
1392 1793 1505 1840 fallit

242 1881 424 1942 Propter
450 1876 654 1941 opinatus
679 1880 829 1938 animi,
867 1898 978 1945 quos
1003 1882 1208 1930 addimus
1232 1883 1359 1948 ipsei,

240 1974 326 2019 Pro
350 1970 452 2017 visis
476 1983 526 2016 ut
551 1969 651 2029 sint,
689 1990 788 2036 quae
812 1992 903 2020 non
928 1988 1029 2022 sunt
1054 1976 1251 2023 sensibus
1275 1976 1384 2024 visa.

211 2166 278 2196 Ver.
293 2165 360 2200 468.
376 2163 461 2193 Looks
475 2165 569 2193 instant
581 2164 684 2199 double3
704 2176 779 2203 every
792 2172 863 2204 taper
865 2166 960 2205 flames
1067 2170 1134 2200 Ver.
1149 2171 1219 2207 481.
1244 2171 1336 2206 These,
1362 2171 1419 2201 and
1436 2183 1455 2201 a
1477 2172 1606 2202 thousand
1623 2173 1728 2208 visions,
1747 2180 1849 2211 strange

291 2212 362 2241 With
375 2212 461 2240 double
479 2211 565 2249 lights‚
646 2213 662 2249 ]
1182 2217 1258 2253 alfke,

172 2264 232 2293 Not
246 2262 345 2301 widely
361 2260 487 2290 different.
507 2260 578 2289 from
599 2261 646 2290 the
669 2261 812 2301 following
830 2262 863 2291 of
880 2263 987 2293 Thorn-
1143 2267 1253 2295 Assault
1277 2279 1324 2296 our
1343 2279 1433 2302 semes,
1459 2269 1515 2297 and
1525 2269 1618 2298 would
1626 2271 1690 2308 fain
1717 2268 1845 2305 deceive]

174 2323 241 2342 son:
1029 2313 1093 2341 The
1107 2322 1174 2351 poet
1188 2316 1236 2345 has
1255 2315 1386 2345 laboured
1407 2318 1590 2357 strenuously,
1610 2319 1664 2347 and
1686 2319 1725 2355 by
1738 2317 1786 2346 the
1807 2317 1850 2344 in-

481 2357 580 2387 Before
594 2358 665 2386 their
678 2358 796 2386 maudlin
811 2370 873 2397 eyes
1027 2362 1185 2391 troduction
1199 2363 1232 2392 of
1242 2374 1258 2392 a
1271 2365 1374 2402 variety
1387 2364 1421 2393 of
1431 2366 1567 2403 pertinent
1581 2367 1634 2394 and
1647 2364 1782 2394 beautiful
1802 2373 1850 2391 ex-

212 2407 280 2436 Seen
294 2406 350 2436 dim
363 2406 416 2435 and
429 2405 504 2441 blue,
524 2405 571 2435 the
585 2404 685 2435 double
700 2412 790 2442 tapeta
805 2406 900 2435 dance.
1028 2409 1129 2446 amples
1142 2417 1172 2438 to
1186 2422 1269 2449 prove
1283 2413 1344 2441 that
1358 2413 1458 2442 mental
1473 2424 1547 2442 error
1559 2415 1581 2442 is
1595 2415 1621 2442 in
1635 2424 1671 2442 no
1682 2414 1802 2441 instance
1817 2419 1849 2439 to

699 2452 849 2491 Susoss,
870 2455 906 2484 iii.
921 2464 937 2493 5
942 2463 988 2493 54.
1029 2457 1063 2487 be
1077 2458 1228 2490 attributed
1241 2467 1273 2491 to
1286 2461 1333 2491 the
1352 2461 1475 2491 external
1495 2473 1594 2497 senses,
1613 2462 1692 2491 when
1706 2461 1733 2490 in
1748 2471 1763 2490 a
1778 2467 1849 2490 state
