<?xml version="1.0" encoding="UTF-8"?>
<!DOCTYPE html PUBLIC "-//W3C//DTD XHTML 1.0 Transitional//EN"
    "http://www.w3.org/TR/xhtml1/DTD/xhtml1-transitional.dtd">
<html xmlns="http://www.w3.org/1999/xhtml" xml:lang="en" lang="en">
 <head>
  <title>
</title>
<meta http-equiv="Content-Type" content="text/html;charset=utf-8" />
  <meta name='ocr-system' content='tesseract 3.04.00' />
  <meta name='ocr-capabilities' content='ocr_page ocr_carea ocr_par ocr_line ocrx_word'/>
</head>
<body>
  <div class='ocr_page' id='page_1' title='image "./natureofthingsdi02lucr_0280.png"; bbox 0 0 1986 2795; ppageno 0'>
   <div class='ocr_carea' id='block_1_1' title="bbox 180 121 1872 168">
    <p class='ocr_par' dir='ltr' id='par_1_1' title="bbox 180 121 1872 168">
     <span class='ocr_line' id='line_1_1' title="bbox 180 121 1872 168; baseline -0.001 -1"><span class='ocrx_word' id='word_1_1' title='bbox 180 125 261 168; x_wconf 81' lang='lat'>266</span> <span class='ocrx_word' id='word_1_2' title='bbox 708 124 793 165; x_wconf 89' lang='lat' dir='ltr'>DE</span> <span class='ocrx_word' id='word_1_3' title='bbox 825 124 1048 166; x_wconf 83' lang='lat' dir='ltr'><strong>RERUM</strong></span> <span class='ocrx_word' id='word_1_4' title='bbox 1081 123 1345 166; x_wconf 84' lang='lat' dir='ltr'><strong>NATURA.</strong></span> <span class='ocrx_word' id='word_1_5' title='bbox 1694 121 1799 164; x_wconf 78' lang='lat' dir='ltr'>Lm.</span> <span class='ocrx_word' id='word_1_6' title='bbox 1820 122 1872 165; x_wconf 88' lang='lat' dir='ltr'>V.</span> 
     </span>
    </p>
   </div>
   <div class='ocr_carea' id='block_1_2' title="bbox 248 249 1870 1152">
    <p class='ocr_par' dir='ltr' id='par_1_2' title="bbox 248 249 1400 317">
     <span class='ocr_line' id='line_1_2' title="bbox 248 249 1400 317; baseline -0.003 -18"><span class='ocrx_word' id='word_1_7' title='bbox 248 258 346 301; x_wconf 90' lang='lat' dir='ltr'>Aut</span> <span class='ocrx_word' id='word_1_8' title='bbox 370 253 578 299; x_wconf 87' lang='lat' dir='ltr'>cecidisse</span> <span class='ocrx_word' id='word_1_9' title='bbox 604 252 748 299; x_wconf 82' lang='lat' dir='ltr'>urbeis</span> <span class='ocrx_word' id='word_1_10' title='bbox 775 270 940 317; x_wconf 83' lang='lat' dir='ltr'>magno</span> <span class='ocrx_word' id='word_1_11' title='bbox 965 252 1199 299; x_wconf 81' lang='lat' dir='ltr'>vexamine</span> <span class='ocrx_word' id='word_1_12' title='bbox 1226 249 1400 307; x_wconf 86' lang='lat' dir='ltr'>mundi,</span> 
     </span>
    </p>

    <p class='ocr_par' dir='ltr' id='par_1_3' title="bbox 248 344 1275 409">
     <span class='ocr_line' id='line_1_3' title="bbox 248 344 1275 409; baseline -0.005 -15"><span class='ocrx_word' id='word_1_13' title='bbox 248 353 346 395; x_wconf 90' lang='lat' dir='ltr'>Aut</span> <span class='ocrx_word' id='word_1_14' title='bbox 371 366 423 394; x_wconf 83' lang='lat' dir='ltr'>ex</span> <span class='ocrx_word' id='word_1_15' title='bbox 451 347 664 393; x_wconf 84' lang='lat' dir='ltr'>imbribus</span> <span class='ocrx_word' id='word_1_16' title='bbox 691 346 882 392; x_wconf 82' lang='lat' dir='ltr'>adsiduis</span> <span class='ocrx_word' id='word_1_17' title='bbox 907 346 1043 393; x_wconf 83' lang='lat' dir='ltr'>exisse</span> <span class='ocrx_word' id='word_1_18' title='bbox 1070 344 1275 409; x_wconf 86' lang='lat' dir='ltr'>rapaceis,</span> 
     </span>
    </p>

    <p class='ocr_par' dir='ltr' id='par_1_4' title="bbox 250 437 1342 505">
     <span class='ocr_line' id='line_1_4' title="bbox 250 437 1342 505; baseline -0.005 -17"><span class='ocrx_word' id='word_1_19' title='bbox 250 444 332 488; x_wconf 87' lang='lat' dir='ltr'>Per</span> <span class='ocrx_word' id='word_1_20' title='bbox 358 455 502 498; x_wconf 83' lang='lat' dir='ltr'>terras,</span> <span class='ocrx_word' id='word_1_21' title='bbox 541 440 723 497; x_wconf 86' lang='lat' dir='ltr'>amneis,</span> <span class='ocrx_word' id='word_1_22' title='bbox 763 459 811 486; x_wconf 88' lang='lat' dir='ltr'>ac</span> <span class='ocrx_word' id='word_1_23' title='bbox 838 440 1006 505; x_wconf 85' lang='lat' dir='ltr'>oppida</span> <span class='ocrx_word' id='word_1_24' title='bbox 1030 437 1309 502; x_wconf 79' lang='lat' dir='ltr'>cooperuisse</span> <span class='ocrx_word' id='word_1_25' title='bbox 1331 457 1342 492; x_wconf 85' lang='lat'><em>3</em></span> 
     </span>
    </p>

    <p class='ocr_par' dir='ltr' id='par_1_5' title="bbox 249 532 1479 600">
     <span class='ocr_line' id='line_1_5' title="bbox 249 532 1479 600; baseline -0.002 -18"><span class='ocrx_word' id='word_1_26' title='bbox 249 539 400 582; x_wconf 89' lang='lat' dir='ltr'>Tanto</span> <span class='ocrx_word' id='word_1_27' title='bbox 425 535 593 600; x_wconf 88' lang='lat' dir='ltr'>quique</span> <span class='ocrx_word' id='word_1_28' title='bbox 620 535 773 600; x_wconf 77' lang='lat' dir='ltr'>magiS‚</span> <span class='ocrx_word' id='word_1_29' title='bbox 814 534 973 588; x_wconf 82' lang='lat' dir='ltr'>victus,</span> <span class='ocrx_word' id='word_1_30' title='bbox 1013 532 1174 578; x_wconf 82' lang='lat' dir='ltr'>fateare</span> <span class='ocrx_word' id='word_1_31' title='bbox 1199 549 1375 578; x_wconf 88' lang='lat' dir='ltr'>necesse</span> <span class='ocrx_word' id='word_1_32' title='bbox 1401 545 1479 590; x_wconf 88' lang='lat' dir='ltr'>est,</span> 
     </span>
    </p>

    <p class='ocr_par' dir='ltr' id='par_1_6' title="bbox 252 623 1867 782">
     <span class='ocr_line' id='line_1_6' title="bbox 253 623 1867 691; baseline -0.004 -17"><span class='ocrx_word' id='word_1_33' title='bbox 253 627 455 675; x_wconf 84' lang='lat' dir='ltr'>Exitium</span> <span class='ocrx_word' id='word_1_34' title='bbox 482 646 662 691; x_wconf 89' lang='lat' dir='ltr'>quoque</span> <span class='ocrx_word' id='word_1_35' title='bbox 688 641 914 682; x_wconf 86' lang='lat' dir='ltr'>terrarum,</span> <span class='ocrx_word' id='word_1_36' title='bbox 953 624 1162 688; x_wconf 85' lang='lat' dir='ltr'>coelique,</span> <span class='ocrx_word' id='word_1_37' title='bbox 1202 623 1422 670; x_wconf 89' lang='lat' dir='ltr'>futurum.</span> <span class='ocrx_word' id='word_1_38' title='bbox 1774 645 1867 691; x_wconf 80' lang='lat'>345</span> 
     </span>
     <span class='ocr_line' id='line_1_7' title="bbox 252 713 1452 782; baseline -0.003 -17"><span class='ocrx_word' id='word_1_39' title='bbox 252 721 390 774; x_wconf 88' lang='lat' dir='ltr'>Nam,</span> <span class='ocrx_word' id='word_1_40' title='bbox 429 737 568 782; x_wconf 88' lang='lat' dir='ltr'>quom</span> <span class='ocrx_word' id='word_1_41' title='bbox 596 736 659 764; x_wconf 89' lang='lat' dir='ltr'>res</span> <span class='ocrx_word' id='word_1_42' title='bbox 686 717 814 763; x_wconf 87' lang='lat' dir='ltr'>tantis</span> <span class='ocrx_word' id='word_1_43' title='bbox 840 715 1004 763; x_wconf 86' lang='lat' dir='ltr'>morbis</span> <span class='ocrx_word' id='word_1_44' title='bbox 1030 713 1252 778; x_wconf 86' lang='lat' dir='ltr'>tantisque</span> <span class='ocrx_word' id='word_1_45' title='bbox 1278 713 1452 778; x_wconf 86' lang='lat' dir='ltr'>periclis</span> 
     </span>
    </p>

    <p class='ocr_par' dir='ltr' id='par_1_7' title="bbox 251 805 1230 866">
     <span class='ocr_line' id='line_1_8' title="bbox 251 805 1230 866; baseline -0.006 -9"><span class='ocrx_word' id='word_1_46' title='bbox 251 814 295 857; x_wconf 89' lang='lat' dir='ltr'>T</span> <span class='ocrx_word' id='word_1_47' title='bbox 297 824 562 866; x_wconf 86' lang='lat' dir='ltr'>entarentur,</span> <span class='ocrx_word' id='word_1_48' title='bbox 601 809 687 855; x_wconf 85' lang='lat' dir='ltr'>ibei</span> <span class='ocrx_word' id='word_1_49' title='bbox 713 808 745 855; x_wconf 90' lang='lat' dir='ltr'>si</span> <span class='ocrx_word' id='word_1_50' title='bbox 772 807 932 854; x_wconf 86' lang='lat' dir='ltr'>tristior</span> <span class='ocrx_word' id='word_1_51' title='bbox 957 805 1230 853; x_wconf 81' lang='lat' dir='ltr'>incubuisset</span> 
     </span>
    </p>

    <p class='ocr_par' dir='ltr' id='par_1_8' title="bbox 251 895 1445 960">
     <span class='ocr_line' id='line_1_9' title="bbox 251 895 1445 960; baseline -0.004 -13"><span class='ocrx_word' id='word_1_52' title='bbox 251 904 429 957; x_wconf 85' lang='lat' dir='ltr'>Caussa,</span> <span class='ocrx_word' id='word_1_53' title='bbox 468 901 621 946; x_wconf 86' lang='lat' dir='ltr'>darent</span> <span class='ocrx_word' id='word_1_54' title='bbox 645 899 731 946; x_wconf 88' lang='lat' dir='ltr'>late</span> <span class='ocrx_word' id='word_1_55' title='bbox 757 897 945 953; x_wconf 77' lang='lat' dir='ltr'>cladem,</span> <span class='ocrx_word' id='word_1_56' title='bbox 984 913 1258 960; x_wconf 86' lang='lat' dir='ltr'>magnasque</span> <span class='ocrx_word' id='word_1_57' title='bbox 1284 895 1445 943; x_wconf 85' lang='lat' dir='ltr'>ruinas.</span> 
     </span>
    </p>

    <p class='ocr_par' dir='ltr' id='par_1_9' title="bbox 248 990 1231 1042">
     <span class='ocr_line' id='line_1_10' title="bbox 248 990 1231 1042; baseline -0.006 0"><span class='ocrx_word' id='word_1_58' title='bbox 248 998 350 1042; x_wconf 92' lang='lat' dir='ltr'>Nec</span> <span class='ocrx_word' id='word_1_59' title='bbox 376 994 542 1041; x_wconf 83' lang='lat' dir='ltr'>ratione</span> <span class='ocrx_word' id='word_1_60' title='bbox 568 993 650 1040; x_wconf 66' lang='lat' dir='ltr'>alia</span> <span class='ocrx_word' id='word_1_61' title='bbox 676 992 880 1039; x_wconf 79' lang='lat' dir='ltr'>mortales</span> <span class='ocrx_word' id='word_1_62' title='bbox 905 1008 996 1037; x_wconf 89' lang='lat' dir='ltr'>esse</span> <span class='ocrx_word' id='word_1_63' title='bbox 1021 990 1231 1037; x_wconf 85' lang='lat' dir='ltr'>videmur</span> 
     </span>
    </p>

    <p class='ocr_par' dir='ltr' id='par_1_10' title="bbox 250 1084 1870 1152">
     <span class='ocr_line' id='line_1_11' title="bbox 250 1084 1870 1152; baseline -0.002 -17"><span class='ocrx_word' id='word_1_64' title='bbox 250 1092 369 1135; x_wconf 85' lang='lat' dir='ltr'>Inter</span> <span class='ocrx_word' id='word_1_65' title='bbox 394 1108 487 1145; x_wconf 88' lang='lat' dir='ltr'>nos,</span> <span class='ocrx_word' id='word_1_66' title='bbox 527 1088 607 1135; x_wconf 88' lang='lat' dir='ltr'>nisi</span> <span class='ocrx_word' id='word_1_67' title='bbox 633 1087 756 1152; x_wconf 89' lang='lat' dir='ltr'>quod</span> <span class='ocrx_word' id='word_1_68' title='bbox 782 1085 946 1132; x_wconf 86' lang='lat' dir='ltr'>morbis</span> <span class='ocrx_word' id='word_1_69' title='bbox 972 1084 1253 1150; x_wconf 72' lang='lat' dir='ltr'>zegrescimus</span> <span class='ocrx_word' id='word_1_70' title='bbox 1279 1085 1432 1143; x_wconf 89' lang='lat' dir='ltr'>iidem,</span> <span class='ocrx_word' id='word_1_71' title='bbox 1773 1103 1870 1149; x_wconf 83' lang='lat'>350</span> 
     </span>
    </p>
   </div>
   <div class='ocr_carea' id='block_1_3' title="bbox 248 1179 1285 1247">
    <p class='ocr_par' dir='ltr' id='par_1_11' title="bbox 248 1179 1285 1247">
     <span class='ocr_line' id='line_1_12' title="bbox 248 1179 1285 1247; baseline -0.002 -19"><span class='ocrx_word' id='word_1_72' title='bbox 248 1186 403 1247; x_wconf 86' lang='lat' dir='ltr'>Atque</span> <span class='ocrx_word' id='word_1_73' title='bbox 428 1182 531 1238; x_wconf 88' lang='lat' dir='ltr'>illei,</span> <span class='ocrx_word' id='word_1_74' title='bbox 571 1199 683 1245; x_wconf 90' lang='lat' dir='ltr'>quos</span> <span class='ocrx_word' id='word_1_75' title='bbox 709 1198 734 1226; x_wconf 89' lang='lat' dir='ltr'>a</span> <span class='ocrx_word' id='word_1_76' title='bbox 758 1179 850 1226; x_wconf 64' lang='lat' dir='ltr'>vita</span> <span class='ocrx_word' id='word_1_77' title='bbox 877 1182 1053 1226; x_wconf 87' lang='lat' dir='ltr'>Natura</span> <span class='ocrx_word' id='word_1_78' title='bbox 1077 1179 1285 1226; x_wconf 75' lang='lat' dir='ltr'>removit,</span> 
     </span>
    </p>
   </div>
   <div class='ocr_carea' id='block_1_4' title="bbox 250 1370 1868 2449">
    <p class='ocr_par' dir='ltr' id='par_1_12' title="bbox 250 1370 1868 2449">
     <span class='ocr_line' id='line_1_13' title="bbox 317 1370 1703 1431; baseline -0.001 -17"><span class='ocrx_word' id='word_1_79' title='bbox 317 1370 542 1424; x_wconf 84' lang='lat' dir='ltr'>Praeterea,</span> <span class='ocrx_word' id='word_1_80' title='bbox 580 1384 914 1431; x_wconf 66' lang='lat' dir='ltr'>quaequomque</span> <span class='ocrx_word' id='word_1_81' title='bbox 941 1379 1125 1413; x_wconf 87' lang='lat' dir='ltr'>manent</span> <span class='ocrx_word' id='word_1_82' title='bbox 1149 1380 1324 1424; x_wconf 76' lang='lat' dir='ltr'>aeterna,</span> <span class='ocrx_word' id='word_1_83' title='bbox 1364 1384 1597 1414; x_wconf 88' lang='lat' dir='ltr'>necessum</span> <span class='ocrx_word' id='word_1_84' title='bbox 1622 1381 1703 1424; x_wconf 88' lang='lat' dir='ltr'>est,</span> 
     </span>
     <span class='ocr_line' id='line_1_14' title="bbox 255 1458 1554 1525; baseline -0.002 -18"><span class='ocrx_word' id='word_1_85' title='bbox 255 1466 366 1518; x_wconf 85' lang='lat' dir='ltr'>Aut,</span> <span class='ocrx_word' id='word_1_86' title='bbox 405 1459 509 1524; x_wconf 90' lang='lat' dir='ltr'>quia</span> <span class='ocrx_word' id='word_1_87' title='bbox 534 1473 635 1506; x_wconf 89' lang='lat' dir='ltr'>sunt</span> <span class='ocrx_word' id='word_1_88' title='bbox 660 1459 808 1505; x_wconf 82' lang='lat' dir='ltr'>solido·</span> <span class='ocrx_word' id='word_1_89' title='bbox 826 1477 932 1506; x_wconf 89' lang='lat' dir='ltr'>curn</span> <span class='ocrx_word' id='word_1_90' title='bbox 957 1477 1157 1524; x_wconf 87' lang='lat' dir='ltr'>corpore,</span> <span class='ocrx_word' id='word_1_91' title='bbox 1195 1477 1400 1525; x_wconf 87' lang='lat' dir='ltr'>respuere</span> <span class='ocrx_word' id='word_1_92' title='bbox 1426 1458 1554 1516; x_wconf 89' lang='lat' dir='ltr'>ictus,</span> 
     </span>
     <span class='ocr_line' id='line_1_15' title="bbox 250 1551 1575 1618; baseline -0.006 -14"><span class='ocrx_word' id='word_1_93' title='bbox 250 1558 354 1604; x_wconf 89' lang='lat' dir='ltr'>Nec</span> <span class='ocrx_word' id='word_1_94' title='bbox 379 1565 605 1618; x_wconf 86' lang='lat' dir='ltr'>penetrare</span> <span class='ocrx_word' id='word_1_95' title='bbox 632 1551 724 1617; x_wconf 87' lang='lat' dir='ltr'>pati</span> <span class='ocrx_word' id='word_1_96' title='bbox 749 1551 829 1598; x_wconf 85' lang='lat' dir='ltr'>sibi</span> <span class='ocrx_word' id='word_1_97' title='bbox 854 1552 1118 1617; x_wconf 83' lang='lat' dir='ltr'>quidquam,</span> <span class='ocrx_word' id='word_1_98' title='bbox 1157 1552 1281 1617; x_wconf 88' lang='lat' dir='ltr'>quod</span> <span class='ocrx_word' id='word_1_99' title='bbox 1306 1564 1441 1616; x_wconf 84' lang='lat' dir='ltr'>queat</span> <span class='ocrx_word' id='word_1_100' title='bbox 1465 1564 1575 1597; x_wconf 89' lang='lat' dir='ltr'>artas</span> 
     </span>
     <span class='ocr_line' id='line_1_16' title="bbox 252 1644 1864 1709; baseline -0.003 -13"><span class='ocrx_word' id='word_1_101' title='bbox 252 1646 498 1697; x_wconf 87' lang='lat' dir='ltr'>Dissociare</span> <span class='ocrx_word' id='word_1_102' title='bbox 523 1644 641 1691; x_wconf 86' lang='lat' dir='ltr'>intus</span> <span class='ocrx_word' id='word_1_103' title='bbox 666 1644 852 1709; x_wconf 85' lang='lat' dir='ltr'>parteis;</span> <span class='ocrx_word' id='word_1_104' title='bbox 890 1659 940 1691; x_wconf 90' lang='lat' dir='ltr'>ut</span> <span class='ocrx_word' id='word_1_105' title='bbox 965 1645 1167 1692; x_wconf 78' lang='lat' dir='ltr'>materia‘l&#39;</span> <span class='ocrx_word' id='word_1_106' title='bbox 1771 1661 1793 1705; x_wconf 83' lang='lat'>3</span> <span class='ocrx_word' id='word_1_107' title='bbox 1802 1660 1828 1706; x_wconf 90' lang='lat'><em>5</em></span> <span class='ocrx_word' id='word_1_108' title='bbox 1837 1661 1864 1706; x_wconf 82' lang='lat'>5</span> 
     </span>
     <span class='ocr_line' id='line_1_17' title="bbox 250 1736 1542 1803; baseline -0.003 -17"><span class='ocrx_word' id='word_1_109' title='bbox 250 1742 450 1803; x_wconf 82' lang='lat' dir='ltr'>Corpora</span> <span class='ocrx_word' id='word_1_110' title='bbox 475 1749 591 1792; x_wconf 89' lang='lat' dir='ltr'>sunt,</span> <span class='ocrx_word' id='word_1_111' title='bbox 630 1753 822 1799; x_wconf 87' lang='lat' dir='ltr'>quorum</span> <span class='ocrx_word' id='word_1_112' title='bbox 848 1750 1050 1783; x_wconf 90' lang='lat' dir='ltr'>naturam</span> <span class='ocrx_word' id='word_1_113' title='bbox 1075 1736 1383 1784; x_wconf 88' lang='lat' dir='ltr'>obstendimus</span> <span class='ocrx_word' id='word_1_114' title='bbox 1409 1749 1510 1783; x_wconf 87' lang='lat' dir='ltr'>ante</span> <span class='ocrx_word' id='word_1_115' title='bbox 1531 1754 1542 1782; x_wconf 79' lang='lat' dir='ltr'>t</span> 
     </span>
     <span class='ocr_line' id='line_1_18' title="bbox 252 1829 1337 1894; baseline -0.001 -16"><span class='ocrx_word' id='word_1_116' title='bbox 252 1836 348 1878; x_wconf 89' lang='lat' dir='ltr'>Aut</span> <span class='ocrx_word' id='word_1_117' title='bbox 374 1830 475 1876; x_wconf 89' lang='lat' dir='ltr'>ideo</span> <span class='ocrx_word' id='word_1_118' title='bbox 500 1829 655 1874; x_wconf 86' lang='lat' dir='ltr'>durare</span> <span class='ocrx_word' id='word_1_119' title='bbox 681 1841 855 1874; x_wconf 85' lang='lat' dir='ltr'>aetatem</span> <span class='ocrx_word' id='word_1_120' title='bbox 880 1847 1007 1893; x_wconf 87' lang='lat' dir='ltr'>posse</span> <span class='ocrx_word' id='word_1_121' title='bbox 1032 1847 1111 1894; x_wconf 89' lang='lat' dir='ltr'>per</span> <span class='ocrx_word' id='word_1_122' title='bbox 1136 1847 1337 1887; x_wconf 90' lang='lat' dir='ltr'>omnem,</span> 
     </span>
     <span class='ocr_line' id='line_1_19' title="bbox 251 1918 1382 1985; baseline -0.001 -17"><span class='ocrx_word' id='word_1_123' title='bbox 251 1922 488 1985; x_wconf 83' lang='lat' dir='ltr'>Plagarum</span> <span class='ocrx_word' id='word_1_124' title='bbox 513 1918 617 1983; x_wconf 88' lang='lat' dir='ltr'>quia</span> <span class='ocrx_word' id='word_1_125' title='bbox 642 1932 743 1964; x_wconf 88' lang='lat' dir='ltr'>sunt</span> <span class='ocrx_word' id='word_1_126' title='bbox 768 1918 963 1982; x_wconf 82' lang='lat' dir='ltr'>expertia</span> <span class='ocrx_word' id='word_1_127' title='bbox 988 1919 1047 1966; x_wconf 89' lang='lat' dir='ltr'>sic</span> <span class='ocrx_word' id='word_1_128' title='bbox 1072 1934 1123 1967; x_wconf 88' lang='lat' dir='ltr'>ut</span> <span class='ocrx_word' id='word_1_129' title='bbox 1148 1920 1278 1968; x_wconf 84' lang='lat' dir='ltr'>inane</span> <span class='ocrx_word' id='word_1_130' title='bbox 1303 1933 1382 1978; x_wconf 90' lang='lat' dir='ltr'>est,</span> 
     </span>
     <span class='ocr_line' id='line_1_20' title="bbox 251 2011 1639 2079; baseline -0.001 -18"><span class='ocrx_word' id='word_1_131' title='bbox 251 2014 390 2067; x_wconf 85' lang='lat' dir='ltr'>Quod</span> <span class='ocrx_word' id='word_1_132' title='bbox 416 2026 564 2060; x_wconf 85' lang='lat' dir='ltr'>manet</span> <span class='ocrx_word' id='word_1_133' title='bbox 591 2011 823 2068; x_wconf 89' lang='lat' dir='ltr'>intactum,</span> <span class='ocrx_word' id='word_1_134' title='bbox 862 2029 1008 2076; x_wconf 88' lang='lat' dir='ltr'>neque</span> <span class='ocrx_word' id='word_1_135' title='bbox 1033 2014 1087 2059; x_wconf 90' lang='lat' dir='ltr'>ab</span> <span class='ocrx_word' id='word_1_136' title='bbox 1113 2013 1204 2061; x_wconf 90' lang='lat' dir='ltr'>ictu</span> <span class='ocrx_word' id='word_1_137' title='bbox 1230 2013 1434 2079; x_wconf 86' lang='lat' dir='ltr'>fungitur</span> <span class='ocrx_word' id='word_1_138' title='bbox 1458 2012 1604 2060; x_wconf 90' lang='lat' dir='ltr'>hilum</span> <span class='ocrx_word' id='word_1_139' title='bbox 1628 2031 1639 2059; x_wconf 74' lang='grc' dir='ltr'><strong><em>ε</em></strong></span> 
     </span>
     <span class='ocr_line' id='line_1_21' title="bbox 251 2104 1868 2172; baseline -0.001 -19"><span class='ocrx_word' id='word_1_140' title='bbox 251 2111 349 2153; x_wconf 86' lang='lat' dir='ltr'>Aut</span> <span class='ocrx_word' id='word_1_141' title='bbox 374 2106 522 2161; x_wconf 86' lang='lat' dir='ltr'>etiam,</span> <span class='ocrx_word' id='word_1_142' title='bbox 561 2105 666 2170; x_wconf 89' lang='lat' dir='ltr'>quia</span> <span class='ocrx_word' id='word_1_143' title='bbox 691 2104 812 2151; x_wconf 91' lang='lat' dir='ltr'>nulla</span> <span class='ocrx_word' id='word_1_144' title='bbox 836 2104 922 2151; x_wconf 91' lang='lat' dir='ltr'>loci</span> <span class='ocrx_word' id='word_1_145' title='bbox 947 2105 1000 2151; x_wconf 90' lang='lat' dir='ltr'>sit</span> <span class='ocrx_word' id='word_1_146' title='bbox 1025 2107 1153 2172; x_wconf 89' lang='lat' dir='ltr'>copia</span> <span class='ocrx_word' id='word_1_147' title='bbox 1177 2107 1361 2165; x_wconf 87' lang='lat' dir='ltr'>circum,</span> <span class='ocrx_word' id='word_1_148' title='bbox 1772 2108 1868 2165; x_wconf 81' lang='lat'>360</span> 
     </span>
     <span class='ocr_line' id='line_1_22' title="bbox 252 2197 1395 2266; baseline 0.002 -20"><span class='ocrx_word' id='word_1_149' title='bbox 252 2202 360 2253; x_wconf 86' lang='lat' dir='ltr'>Quo</span> <span class='ocrx_word' id='word_1_150' title='bbox 385 2198 508 2264; x_wconf 86' lang='lat' dir='ltr'>quasi</span> <span class='ocrx_word' id='word_1_151' title='bbox 534 2217 599 2245; x_wconf 88' lang='lat' dir='ltr'>res</span> <span class='ocrx_word' id='word_1_152' title='bbox 625 2197 793 2263; x_wconf 87' lang='lat' dir='ltr'>possint</span> <span class='ocrx_word' id='word_1_153' title='bbox 818 2197 1055 2257; x_wconf 86' lang='lat' dir='ltr'>discedere,</span> <span class='ocrx_word' id='word_1_154' title='bbox 1094 2199 1395 2266; x_wconf 89' lang='lat' dir='ltr'>dissoluique;</span> 
     </span>
     <span class='ocr_line' id='line_1_23' title="bbox 253 2293 1522 2357; baseline -0.002 -17"><span class='ocrx_word' id='word_1_155' title='bbox 253 2293 322 2340; x_wconf 89' lang='lat' dir='ltr'>Sic</span> <span class='ocrx_word' id='word_1_156' title='bbox 348 2305 398 2340; x_wconf 92' lang='lat' dir='ltr'>ut</span> <span class='ocrx_word' id='word_1_157' title='bbox 423 2309 699 2338; x_wconf 78' lang='lat' dir='ltr'>summarum</span> <span class='ocrx_word' id='word_1_158' title='bbox 725 2308 900 2337; x_wconf 89' lang='lat' dir='ltr'>summa</span> <span class='ocrx_word' id='word_1_159' title='bbox 924 2305 989 2336; x_wconf 86' lang='lat' dir='ltr'>est</span> <span class='ocrx_word' id='word_1_160' title='bbox 1013 2304 1186 2349; x_wconf 82' lang='lat' dir='ltr'>aeterna,</span> <span class='ocrx_word' id='word_1_161' title='bbox 1225 2310 1373 2357; x_wconf 87' lang='lat' dir='ltr'>neque</span> <span class='ocrx_word' id='word_1_162' title='bbox 1398 2305 1522 2339; x_wconf 80' lang='lat' dir='ltr'>extra</span> 
     </span>
     <span class='ocr_line' id='line_1_24' title="bbox 253 2381 1620 2449; baseline -0.001 -18"><span class='ocrx_word' id='word_1_163' title='bbox 253 2384 347 2437; x_wconf 84' lang='lat' dir='ltr'>Qui</span> <span class='ocrx_word' id='word_1_164' title='bbox 372 2383 496 2430; x_wconf 90' lang='lat' dir='ltr'>locus</span> <span class='ocrx_word' id='word_1_165' title='bbox 520 2397 599 2441; x_wconf 88' lang='lat' dir='ltr'>est,</span> <span class='ocrx_word' id='word_1_166' title='bbox 638 2401 730 2448; x_wconf 89' lang='lat' dir='ltr'>quo</span> <span class='ocrx_word' id='word_1_167' title='bbox 755 2381 964 2428; x_wconf 79' lang='lat' dir='ltr'>dissiliat:</span> <span class='ocrx_word' id='word_1_168' title='bbox 1001 2400 1146 2447; x_wconf 88' lang='lat' dir='ltr'>neque</span> <span class='ocrx_word' id='word_1_169' title='bbox 1171 2403 1355 2449; x_wconf 86' lang='lat' dir='ltr'>corpora</span> <span class='ocrx_word' id='word_1_170' title='bbox 1380 2385 1481 2443; x_wconf 88' lang='lat' dir='ltr'>sint,</span> <span class='ocrx_word' id='word_1_171' title='bbox 1519 2401 1620 2448; x_wconf 85' lang='lat' dir='ltr'>quae</span> 
     </span>
    </p>
   </div>
   <div class='ocr_carea' id='block_1_5' title="bbox 255 2473 1342 2541">
    <p class='ocr_par' dir='ltr' id='par_1_13' title="bbox 255 2473 1342 2541">
     <span class='ocr_line' id='line_1_25' title="bbox 255 2473 1342 2541; baseline 0.002 -18"><span class='ocrx_word' id='word_1_172' title='bbox 255 2476 425 2524; x_wconf 86' lang='lat' dir='ltr'>Possint</span> <span class='ocrx_word' id='word_1_173' title='bbox 451 2475 658 2534; x_wconf 85' lang='lat' dir='ltr'>incidere,</span> <span class='ocrx_word' id='word_1_174' title='bbox 696 2488 740 2523; x_wconf 88' lang='lat' dir='ltr'>et</span> <span class='ocrx_word' id='word_1_175' title='bbox 763 2473 911 2522; x_wconf 68' lang='lat' dir='ltr'>valida</span> <span class='ocrx_word' id='word_1_176' title='bbox 935 2473 1170 2524; x_wconf 87' lang='lat' dir='ltr'>dissolvere</span> <span class='ocrx_word' id='word_1_177' title='bbox 1195 2477 1342 2541; x_wconf 59' lang='lat' dir='ltr'>plaga.</span> 
     </span>
    </p>
   </div>
  </div>
 </body>
</html>
