<?xml version="1.0" encoding="UTF-8"?>
<!DOCTYPE html PUBLIC "-//W3C//DTD XHTML 1.0 Transitional//EN"
    "http://www.w3.org/TR/xhtml1/DTD/xhtml1-transitional.dtd">
<html xmlns="http://www.w3.org/1999/xhtml" xml:lang="en" lang="en">
 <head>
  <title>
</title>
<meta http-equiv="Content-Type" content="text/html;charset=utf-8" />
  <meta name='ocr-system' content='tesseract 3.04.00' />
  <meta name='ocr-capabilities' content='ocr_page ocr_carea ocr_par ocr_line ocrx_word'/>
</head>
<body>
  <div class='ocr_page' id='page_1' title='image "./natureofthingsdi02lucr_0488.png"; bbox 0 0 1986 2795; ppageno 0'>
   <div class='ocr_carea' id='block_1_1' title="bbox 162 150 1865 203">
    <p class='ocr_par' dir='ltr' id='par_1_1' title="bbox 162 150 1865 203">
     <span class='ocr_line' id='line_1_1' title="bbox 162 150 1865 203; baseline -0.002 -3"><span class='ocrx_word' id='word_1_1' title='bbox 162 160 245 203; x_wconf 82' lang='lat'>474</span> <span class='ocrx_word' id='word_1_2' title='bbox 720 152 806 195; x_wconf 93' lang='lat' dir='ltr'>DE</span> <span class='ocrx_word' id='word_1_3' title='bbox 838 150 1062 195; x_wconf 89' lang='lat' dir='ltr'><strong>RERUM</strong></span> <span class='ocrx_word' id='word_1_4' title='bbox 1095 150 1364 194; x_wconf 86' lang='lat' dir='ltr'>NATURA.</span> <span class='ocrx_word' id='word_1_5' title='bbox 1664 152 1769 195; x_wconf 81' lang='lat' dir='ltr'>Lm.</span> <span class='ocrx_word' id='word_1_6' title='bbox 1790 153 1865 197; x_wconf 91' lang='lat' dir='ltr'>VI.</span> 
     </span>
    </p>
   </div>
   <div class='ocr_carea' id='block_1_2' title="bbox 234 279 1521 445">
    <p class='ocr_par' dir='ltr' id='par_1_2' title="bbox 234 279 1521 445">
     <span class='ocr_line' id='line_1_2' title="bbox 234 279 1521 349; baseline -0.001 -19"><span class='ocrx_word' id='word_1_7' title='bbox 234 285 387 337; x_wconf 87' lang='lat' dir='ltr'>Quam</span> <span class='ocrx_word' id='word_1_8' title='bbox 412 301 554 349; x_wconf 89' lang='lat' dir='ltr'>quom</span> <span class='ocrx_word' id='word_1_9' title='bbox 579 281 803 349; x_wconf 85' lang='lat' dir='ltr'><strong>perscidit,</strong></span> <span class='ocrx_word' id='word_1_10' title='bbox 841 300 896 331; x_wconf 86' lang='lat' dir='ltr'>ex</span> <span class='ocrx_word' id='word_1_11' title='bbox 922 281 1095 347; x_wconf 88' lang='lat' dir='ltr'>templo</span> <span class='ocrx_word' id='word_1_12' title='bbox 1120 280 1239 328; x_wconf 89' lang='lat' dir='ltr'>cadit</span> <span class='ocrx_word' id='word_1_13' title='bbox 1264 279 1422 346; x_wconf 85' lang='lat' dir='ltr'>igneus</span> <span class='ocrx_word' id='word_1_14' title='bbox 1448 280 1521 329; x_wconf 82' lang='lat' dir='ltr'>ille</span> 
     </span>
     <span class='ocr_line' id='line_1_3' title="bbox 234 375 1477 445; baseline -0.002 -19"><span class='ocrx_word' id='word_1_15' title='bbox 234 381 422 438; x_wconf 85' lang='lat' dir='ltr'>Vortex,</span> <span class='ocrx_word' id='word_1_16' title='bbox 461 397 601 445; x_wconf 91' lang='lat' dir='ltr'>quem</span> <span class='ocrx_word' id='word_1_17' title='bbox 626 377 771 445; x_wconf 87' lang='lat' dir='ltr'>patrio</span> <span class='ocrx_word' id='word_1_18' title='bbox 795 377 1049 425; x_wconf 82' lang='lat' dir='ltr'>vocitamus</span> <span class='ocrx_word' id='word_1_19' title='bbox 1074 375 1259 423; x_wconf 88' lang='lat' dir='ltr'>nomine</span> <span class='ocrx_word' id='word_1_20' title='bbox 1285 375 1477 424; x_wconf 91' lang='lat' dir='ltr'>fulmen.</span> 
     </span>
    </p>
   </div>
   <div class='ocr_carea' id='block_1_3' title="bbox 236 467 1584 540">
    <p class='ocr_par' dir='ltr' id='par_1_3' title="bbox 236 467 1584 540">
     <span class='ocr_line' id='line_1_4' title="bbox 236 467 1584 540; baseline -0.003 -18"><span class='ocrx_word' id='word_1_21' title='bbox 236 477 339 522; x_wconf 91' lang='lat' dir='ltr'>Hoc</span> <span class='ocrx_word' id='word_1_22' title='bbox 365 475 418 521; x_wconf 87' lang='lat' dir='ltr'>fit</span> <span class='ocrx_word' id='word_1_23' title='bbox 443 474 566 522; x_wconf 88' lang='lat' dir='ltr'>idem</span> <span class='ocrx_word' id='word_1_24' title='bbox 591 474 637 521; x_wconf 90' lang='lat' dir='ltr'>in</span> <span class='ocrx_word' id='word_1_25' title='bbox 663 475 824 540; x_wconf 88' lang='lat' dir='ltr'>parteis</span> <span class='ocrx_word' id='word_1_26' title='bbox 849 473 968 531; x_wconf 87' lang='lat' dir='ltr'>alias,</span> <span class='ocrx_word' id='word_1_27' title='bbox 1008 489 1336 538; x_wconf 88' lang='lat' dir='ltr'>quoquomque</span> <span class='ocrx_word' id='word_1_28' title='bbox 1362 471 1465 519; x_wconf 88' lang='lat' dir='ltr'>tulit</span> <span class='ocrx_word' id='word_1_29' title='bbox 1489 467 1584 519; x_wconf 60' lang='lat' dir='ltr'>vis.⁴</span> 
     </span>
    </p>
   </div>
   <div class='ocr_carea' id='block_1_4' title="bbox 232 660 1875 2524">
    <p class='ocr_par' dir='ltr' id='par_1_4' title="bbox 232 660 1875 1487">
     <span class='ocr_line' id='line_1_5' title="bbox 305 660 1623 730; baseline -0.002 -19"><span class='ocrx_word' id='word_1_30' title='bbox 305 664 375 711; x_wconf 89' lang='lat' dir='ltr'>Fit</span> <span class='ocrx_word' id='word_1_31' title='bbox 400 683 598 730; x_wconf 87' lang='lat' dir='ltr'>quoque,</span> <span class='ocrx_word' id='word_1_32' title='bbox 638 676 688 710; x_wconf 88' lang='lat' dir='ltr'>ut</span> <span class='ocrx_word' id='word_1_33' title='bbox 714 663 942 710; x_wconf 84' lang='lat' dir='ltr'>interdum</span> <span class='ocrx_word' id='word_1_34' title='bbox 967 661 1092 709; x_wconf 88' lang='lat' dir='ltr'>venti</span> <span class='ocrx_word' id='word_1_35' title='bbox 1119 660 1201 718; x_wconf 86' lang='lat' dir='ltr'>vis,</span> <span class='ocrx_word' id='word_1_36' title='bbox 1241 661 1373 709; x_wconf 88' lang='lat' dir='ltr'>missa</span> <span class='ocrx_word' id='word_1_37' title='bbox 1397 660 1490 709; x_wconf 86' lang='lat' dir='ltr'>sine</span> <span class='ocrx_word' id='word_1_38' title='bbox 1516 660 1623 726; x_wconf 84' lang='lat' dir='ltr'>igni,</span> 
     </span>
     <span class='ocr_line' id='line_1_6' title="bbox 238 755 1871 822; baseline 0 -18"><span class='ocrx_word' id='word_1_39' title='bbox 238 757 434 822; x_wconf 84' lang='lat' dir='ltr'>Igniscat</span> <span class='ocrx_word' id='word_1_40' title='bbox 459 772 611 803; x_wconf 87' lang='lat' dir='ltr'>tamen</span> <span class='ocrx_word' id='word_1_41' title='bbox 637 756 682 803; x_wconf 85' lang='lat' dir='ltr'>in</span> <span class='ocrx_word' id='word_1_42' title='bbox 708 756 865 822; x_wconf 84' lang='lat' dir='ltr'>spatio,</span> <span class='ocrx_word' id='word_1_43' title='bbox 906 755 1137 820; x_wconf 85' lang='lat' dir='ltr'>longoque</span> <span class='ocrx_word' id='word_1_44' title='bbox 1163 769 1331 813; x_wconf 90' lang='lat' dir='ltr'>meatu,</span> <span class='ocrx_word' id='word_1_45' title='bbox 1774 774 1871 818; x_wconf 87' lang='lat'>300</span> 
     </span>
     <span class='ocr_line' id='line_1_7' title="bbox 234 849 1465 915; baseline -0.001 -17"><span class='ocrx_word' id='word_1_46' title='bbox 234 853 363 898; x_wconf 86' lang='lat' dir='ltr'>Dum</span> <span class='ocrx_word' id='word_1_47' title='bbox 388 851 541 908; x_wconf 77' lang='lat' dir='ltr'>venit;</span> <span class='ocrx_word' id='word_1_48' title='bbox 580 850 788 898; x_wconf 87' lang='lat' dir='ltr'>amittens</span> <span class='ocrx_word' id='word_1_49' title='bbox 814 849 860 897; x_wconf 88' lang='lat' dir='ltr'>in</span> <span class='ocrx_word' id='word_1_50' title='bbox 885 868 1015 896; x_wconf 89' lang='lat' dir='ltr'>cursu</span> <span class='ocrx_word' id='word_1_51' title='bbox 1043 868 1230 915; x_wconf 87' lang='lat' dir='ltr'>corpora</span> <span class='ocrx_word' id='word_1_52' title='bbox 1255 850 1465 915; x_wconf 78' lang='lat' dir='ltr'>quaedam</span> 
     </span>
     <span class='ocr_line' id='line_1_8' title="bbox 235 944 1573 1011; baseline -0.002 -17"><span class='ocrx_word' id='word_1_53' title='bbox 235 947 447 1005; x_wconf 81' lang='lat' dir='ltr'>Grandia,</span> <span class='ocrx_word' id='word_1_54' title='bbox 488 965 588 1011; x_wconf 80' lang='lat' dir='ltr'>quae</span> <span class='ocrx_word' id='word_1_55' title='bbox 615 959 847 1011; x_wconf 81' lang='lat' dir='ltr'>nequeunt</span> <span class='ocrx_word' id='word_1_56' title='bbox 873 944 1034 1010; x_wconf 87' lang='lat' dir='ltr'>pariter</span> <span class='ocrx_word' id='word_1_57' title='bbox 1060 959 1290 1010; x_wconf 81' lang='lat' dir='ltr'>penetrare</span> <span class='ocrx_word' id='word_1_58' title='bbox 1315 963 1395 1011; x_wconf 89' lang='lat' dir='ltr'>per</span> <span class='ocrx_word' id='word_1_59' title='bbox 1419 962 1573 992; x_wconf 84' lang='lat' dir='ltr'>auras:</span> 
     </span>
     <span class='ocr_line' id='line_1_9' title="bbox 234 1039 1274 1105; baseline -0.002 -17"><span class='ocrx_word' id='word_1_60' title='bbox 234 1044 392 1105; x_wconf 80' lang='lat' dir='ltr'>Atque</span> <span class='ocrx_word' id='word_1_61' title='bbox 417 1041 500 1087; x_wconf 88' lang='lat' dir='ltr'>alia</span> <span class='ocrx_word' id='word_1_62' title='bbox 525 1059 578 1087; x_wconf 86' lang='lat' dir='ltr'>ex</span> <span class='ocrx_word' id='word_1_63' title='bbox 606 1040 703 1105; x_wconf 89' lang='lat' dir='ltr'>ipso</span> <span class='ocrx_word' id='word_1_64' title='bbox 728 1039 974 1087; x_wconf 82' lang='lat' dir='ltr'>conradens</span> <span class='ocrx_word' id='word_1_65' title='bbox 1001 1042 1098 1086; x_wconf 77' lang='lat' dir='ltr'>a&#39;e‘re</span> <span class='ocrx_word' id='word_1_66' title='bbox 1125 1053 1274 1104; x_wconf 84' lang='lat' dir='ltr'>portat</span> 
     </span>
     <span class='ocr_line' id='line_1_10' title="bbox 234 1134 1511 1201; baseline -0.001 -18"><span class='ocrx_word' id='word_1_67' title='bbox 234 1136 437 1194; x_wconf 78' lang='lat' dir='ltr'>Parvola,</span> <span class='ocrx_word' id='word_1_68' title='bbox 476 1155 578 1201; x_wconf 84' lang='lat' dir='ltr'>quae</span> <span class='ocrx_word' id='word_1_69' title='bbox 604 1134 776 1181; x_wconf 85' lang='lat' dir='ltr'>faciunt</span> <span class='ocrx_word' id='word_1_70' title='bbox 800 1134 970 1199; x_wconf 75' lang='lat' dir='ltr'>ignem,</span> <span class='ocrx_word' id='word_1_71' title='bbox 1010 1134 1256 1193; x_wconf 77' lang='lat' dir='ltr'>conmixta,</span> <span class='ocrx_word' id='word_1_72' title='bbox 1296 1134 1511 1182; x_wconf 84' lang='lat' dir='ltr'>volando.</span> 
     </span>
     <span class='ocr_line' id='line_1_11' title="bbox 232 1229 1875 1296; baseline -0.001 -17"><span class='ocrx_word' id='word_1_73' title='bbox 232 1234 346 1279; x_wconf 92' lang='lat' dir='ltr'>Non</span> <span class='ocrx_word' id='word_1_74' title='bbox 371 1231 455 1278; x_wconf 62' lang='lat' dir='ltr'>alia</span> <span class='ocrx_word' id='word_1_75' title='bbox 480 1232 615 1296; x_wconf 83' lang='lat' dir='ltr'>longe</span> <span class='ocrx_word' id='word_1_76' title='bbox 642 1230 825 1288; x_wconf 81' lang='lat' dir='ltr'>ratione,</span> <span class='ocrx_word' id='word_1_77' title='bbox 865 1248 915 1276; x_wconf 90' lang='lat' dir='ltr'>ac</span> <span class='ocrx_word' id='word_1_78' title='bbox 940 1229 1158 1295; x_wconf 86' lang='lat' dir='ltr'>plumbea</span> <span class='ocrx_word' id='word_1_79' title='bbox 1183 1248 1300 1296; x_wconf 87' lang='lat' dir='ltr'>saepe</span> <span class='ocrx_word' id='word_1_80' title='bbox 1776 1246 1837 1291; x_wconf 86' lang='grc'>30</span> <span class='ocrx_word' id='word_1_81' title='bbox 1843 1246 1875 1292; x_wconf 75' lang='grc'><em>5</em></span> 
     </span>
     <span class='ocr_line' id='line_1_12' title="bbox 233 1323 1452 1391; baseline -0.002 -18"><span class='ocrx_word' id='word_1_82' title='bbox 233 1326 422 1373; x_wconf 81' lang='lat' dir='ltr'>Fervida</span> <span class='ocrx_word' id='word_1_83' title='bbox 447 1326 500 1373; x_wconf 83' lang='lat' dir='ltr'>fit</span> <span class='ocrx_word' id='word_1_84' title='bbox 524 1325 649 1391; x_wconf 82' lang='lat' dir='ltr'>glans</span> <span class='ocrx_word' id='word_1_85' title='bbox 676 1324 719 1372; x_wconf 90' lang='lat' dir='ltr'>in</span> <span class='ocrx_word' id='word_1_86' title='bbox 746 1343 893 1382; x_wconf 84' lang='lat' dir='ltr'>cursu,</span> <span class='ocrx_word' id='word_1_87' title='bbox 933 1343 1091 1389; x_wconf 88' lang='lat' dir='ltr'>quom,</span> <span class='ocrx_word' id='word_1_88' title='bbox 1130 1324 1274 1372; x_wconf 84' lang='lat' dir='ltr'>multa</span> <span class='ocrx_word' id='word_1_89' title='bbox 1299 1323 1452 1389; x_wconf 85' lang='lat' dir='ltr'>rigoris</span> 
     </span>
     <span class='ocr_line' id='line_1_13' title="bbox 238 1418 1370 1487; baseline -0.002 -19"><span class='ocrx_word' id='word_1_90' title='bbox 238 1424 443 1487; x_wconf 83' lang='lat' dir='ltr'>Corpora</span> <span class='ocrx_word' id='word_1_91' title='bbox 467 1420 712 1478; x_wconf 84' lang='lat' dir='ltr'>dimittens,</span> <span class='ocrx_word' id='word_1_92' title='bbox 752 1419 908 1484; x_wconf 82' lang='lat' dir='ltr'>ignem</span> <span class='ocrx_word' id='word_1_93' title='bbox 934 1419 1144 1485; x_wconf 83' lang='lat' dir='ltr'>concepit</span> <span class='ocrx_word' id='word_1_94' title='bbox 1169 1419 1215 1467; x_wconf 89' lang='lat' dir='ltr'>in</span> <span class='ocrx_word' id='word_1_95' title='bbox 1241 1418 1370 1466; x_wconf 86' lang='lat' dir='ltr'>auris.</span> 
     </span>
    </p>

    <p class='ocr_par' dir='ltr' id='par_1_5' title="bbox 235 1514 1873 2524">
     <span class='ocr_line' id='line_1_14' title="bbox 306 1514 1501 1580; baseline -0.002 -17"><span class='ocrx_word' id='word_1_96' title='bbox 306 1516 377 1563; x_wconf 80' lang='lat' dir='ltr'>Fit</span> <span class='ocrx_word' id='word_1_97' title='bbox 401 1534 601 1580; x_wconf 81' lang='lat' dir='ltr'>quoque,</span> <span class='ocrx_word' id='word_1_98' title='bbox 639 1528 691 1561; x_wconf 88' lang='lat' dir='ltr'>ut</span> <span class='ocrx_word' id='word_1_99' title='bbox 717 1514 854 1579; x_wconf 86' lang='lat' dir='ltr'>ipsius</span> <span class='ocrx_word' id='word_1_100' title='bbox 880 1514 1025 1579; x_wconf 86' lang='lat' dir='ltr'>plagae</span> <span class='ocrx_word' id='word_1_101' title='bbox 1050 1514 1117 1560; x_wconf 84' lang='lat' dir='ltr'>vis</span> <span class='ocrx_word' id='word_1_102' title='bbox 1143 1514 1307 1561; x_wconf 79' lang='lat' dir='ltr'>excitet</span> <span class='ocrx_word' id='word_1_103' title='bbox 1332 1514 1501 1580; x_wconf 85' lang='lat' dir='ltr'>ignem,</span> 
     </span>
     <span class='ocr_line' id='line_1_15' title="bbox 237 1607 1488 1676; baseline -0.002 -18"><span class='ocrx_word' id='word_1_104' title='bbox 237 1611 415 1676; x_wconf 86' lang='lat' dir='ltr'>Frigida</span> <span class='ocrx_word' id='word_1_105' title='bbox 441 1629 583 1676; x_wconf 88' lang='lat' dir='ltr'>quom</span> <span class='ocrx_word' id='word_1_106' title='bbox 609 1607 735 1656; x_wconf 85' lang='lat' dir='ltr'>venti</span> <span class='ocrx_word' id='word_1_107' title='bbox 761 1607 939 1674; x_wconf 85' lang='lat' dir='ltr'>pepulit</span> <span class='ocrx_word' id='word_1_108' title='bbox 964 1607 1046 1665; x_wconf 84' lang='lat' dir='ltr'>vis,</span> <span class='ocrx_word' id='word_1_109' title='bbox 1087 1607 1218 1654; x_wconf 86' lang='lat' dir='ltr'>missa</span> <span class='ocrx_word' id='word_1_110' title='bbox 1243 1607 1336 1655; x_wconf 92' lang='lat' dir='ltr'>sine</span> <span class='ocrx_word' id='word_1_111' title='bbox 1362 1608 1455 1673; x_wconf 86' lang='lat' dir='ltr'>igni</span> <span class='ocrx_word' id='word_1_112' title='bbox 1478 1629 1488 1665; x_wconf 93' lang='lat'>;</span> 
     </span>
     <span class='ocr_line' id='line_1_16' title="bbox 235 1702 1873 1770; baseline -0.001 -18"><span class='ocrx_word' id='word_1_113' title='bbox 235 1705 486 1764; x_wconf 88' lang='lat' dir='ltr'>Nimirum,</span> <span class='ocrx_word' id='word_1_114' title='bbox 526 1704 631 1770; x_wconf 89' lang='lat' dir='ltr'>quia</span> <span class='ocrx_word' id='word_1_115' title='bbox 655 1721 798 1769; x_wconf 89' lang='lat' dir='ltr'>quom</span> <span class='ocrx_word' id='word_1_116' title='bbox 824 1702 1085 1750; x_wconf 89' lang='lat' dir='ltr'>vehementi</span> <span class='ocrx_word' id='word_1_117' title='bbox 1111 1702 1303 1768; x_wconf 82' lang='lat' dir='ltr'>perculit</span> <span class='ocrx_word' id='word_1_118' title='bbox 1328 1703 1437 1762; x_wconf 87' lang='lat' dir='ltr'>ictu,</span> <span class='ocrx_word' id='word_1_119' title='bbox 1778 1720 1873 1766; x_wconf 87' lang='lat'>310</span> 
     </span>
     <span class='ocr_line' id='line_1_17' title="bbox 237 1797 1387 1864; baseline -0.002 -17"><span class='ocrx_word' id='word_1_120' title='bbox 237 1799 485 1848; x_wconf 81' lang='lat' dir='ltr'>Confluere</span> <span class='ocrx_word' id='word_1_121' title='bbox 510 1816 564 1845; x_wconf 84' lang='lat' dir='ltr'>ex</span> <span class='ocrx_word' id='word_1_122' title='bbox 590 1798 688 1864; x_wconf 87' lang='lat' dir='ltr'>ipso</span> <span class='ocrx_word' id='word_1_123' title='bbox 713 1811 900 1864; x_wconf 85' lang='lat' dir='ltr'>possunt</span> <span class='ocrx_word' id='word_1_124' title='bbox 924 1798 1148 1845; x_wconf 83' lang='lat' dir='ltr'>elementa</span> <span class='ocrx_word' id='word_1_125' title='bbox 1175 1797 1350 1864; x_wconf 82' lang='lat' dir='ltr'>vaporis</span> <span class='ocrx_word' id='word_1_126' title='bbox 1371 1818 1387 1845; x_wconf 77' lang='grc' dir='ltr'><em>τ</em></span> 
     </span>
     <span class='ocr_line' id='line_1_18' title="bbox 235 1891 1395 1958; baseline 0 -18"><span class='ocrx_word' id='word_1_127' title='bbox 235 1895 296 1940; x_wconf 85' lang='lat' dir='ltr'>Et</span> <span class='ocrx_word' id='word_1_128' title='bbox 321 1891 455 1940; x_wconf 83' lang='lat' dir='ltr'>simul</span> <span class='ocrx_word' id='word_1_129' title='bbox 482 1910 536 1939; x_wconf 87' lang='lat' dir='ltr'>ex</span> <span class='ocrx_word' id='word_1_130' title='bbox 562 1892 649 1949; x_wconf 66' lang='lat' dir='ltr'>illa,</span> <span class='ocrx_word' id='word_1_131' title='bbox 689 1911 790 1958; x_wconf 87' lang='lat' dir='ltr'>quae</span> <span class='ocrx_word' id='word_1_132' title='bbox 816 1906 915 1939; x_wconf 89' lang='lat' dir='ltr'>tum</span> <span class='ocrx_word' id='word_1_133' title='bbox 942 1910 1007 1939; x_wconf 86' lang='lat' dir='ltr'>res</span> <span class='ocrx_word' id='word_1_134' title='bbox 1032 1891 1198 1957; x_wconf 72' lang='lat' dir='ltr'>excipit</span> <span class='ocrx_word' id='word_1_135' title='bbox 1224 1891 1395 1940; x_wconf 85' lang='lat' dir='ltr'>ictum:</span> 
     </span>
     <span class='ocr_line' id='line_1_19' title="bbox 238 1986 1480 2053; baseline 0.002 -19"><span class='ocrx_word' id='word_1_136' title='bbox 238 1990 318 2045; x_wconf 89' lang='lat' dir='ltr'>Ut,</span> <span class='ocrx_word' id='word_1_137' title='bbox 357 1986 556 2052; x_wconf 88' lang='lat' dir='ltr'>lapidem</span> <span class='ocrx_word' id='word_1_138' title='bbox 581 1987 696 2034; x_wconf 85' lang='lat' dir='ltr'>ferro</span> <span class='ocrx_word' id='word_1_139' title='bbox 720 2005 864 2053; x_wconf 85' lang='lat' dir='ltr'>quom</span> <span class='ocrx_word' id='word_1_140' title='bbox 888 1987 1117 2045; x_wconf 85' lang='lat' dir='ltr'>caedimus,</span> <span class='ocrx_word' id='word_1_141' title='bbox 1157 1988 1307 2034; x_wconf 80' lang='lat' dir='ltr'>evolat</span> <span class='ocrx_word' id='word_1_142' title='bbox 1332 1987 1447 2053; x_wconf 82' lang='lat' dir='ltr'>ignis</span> <span class='ocrx_word' id='word_1_143' title='bbox 1469 2010 1480 2045; x_wconf 83' lang='lat'>3</span> 
     </span>
     <span class='ocr_line' id='line_1_20' title="bbox 238 2079 1421 2145; baseline 0 -17"><span class='ocrx_word' id='word_1_144' title='bbox 238 2082 355 2137; x_wconf 86' lang='lat' dir='ltr'>Nee,</span> <span class='ocrx_word' id='word_1_145' title='bbox 394 2080 519 2145; x_wconf 87' lang='lat' dir='ltr'>quod</span> <span class='ocrx_word' id='word_1_146' title='bbox 544 2079 705 2144; x_wconf 81' lang='lat' dir='ltr'>frigida</span> <span class='ocrx_word' id='word_1_147' title='bbox 729 2079 797 2126; x_wconf 88' lang='lat' dir='ltr'>vis</span> <span class='ocrx_word' id='word_1_148' title='bbox 822 2079 925 2127; x_wconf 86' lang='lat' dir='ltr'>ferri</span> <span class='ocrx_word' id='word_1_149' title='bbox 950 2094 1029 2138; x_wconf 81' lang='lat' dir='ltr'>est,</span> <span class='ocrx_word' id='word_1_150' title='bbox 1069 2080 1156 2128; x_wconf 86' lang='lat' dir='ltr'>hoc</span> <span class='ocrx_word' id='word_1_151' title='bbox 1179 2081 1320 2129; x_wconf 86' lang='lat' dir='ltr'>secius</span> <span class='ocrx_word' id='word_1_152' title='bbox 1346 2081 1421 2128; x_wconf 89' lang='lat' dir='ltr'>illa</span> 
     </span>
     <span class='ocr_line' id='line_1_21' title="bbox 239 2173 1869 2240; baseline 0.002 -19"><span class='ocrx_word' id='word_1_153' title='bbox 239 2173 419 2221; x_wconf 85' lang='lat' dir='ltr'>Semina</span> <span class='ocrx_word' id='word_1_154' title='bbox 442 2189 715 2221; x_wconf 89' lang='lat' dir='ltr'>concurrunt</span> <span class='ocrx_word' id='word_1_155' title='bbox 739 2173 871 2221; x_wconf 86' lang='lat' dir='ltr'>calidi</span> <span class='ocrx_word' id='word_1_156' title='bbox 897 2173 1082 2240; x_wconf 82' lang='lat' dir='ltr'>fulgoris</span> <span class='ocrx_word' id='word_1_157' title='bbox 1108 2176 1164 2221; x_wconf 90' lang='lat' dir='ltr'>ad</span> <span class='ocrx_word' id='word_1_158' title='bbox 1189 2175 1346 2224; x_wconf 87' lang='lat' dir='ltr'>ictum.</span> <span class='ocrx_word' id='word_1_159' title='bbox 1776 2193 1869 2239; x_wconf 85' lang='lat'>315</span> 
     </span>
     <span class='ocr_line' id='line_1_22' title="bbox 242 2267 1378 2334; baseline 0.003 -19"><span class='ocrx_word' id='word_1_160' title='bbox 242 2268 311 2315; x_wconf 89' lang='lat' dir='ltr'>Sic</span> <span class='ocrx_word' id='word_1_161' title='bbox 337 2267 473 2333; x_wconf 87' lang='lat' dir='ltr'>igitur</span> <span class='ocrx_word' id='word_1_162' title='bbox 496 2287 679 2334; x_wconf 86' lang='lat' dir='ltr'>quoque</span> <span class='ocrx_word' id='word_1_163' title='bbox 705 2288 770 2317; x_wconf 90' lang='lat' dir='ltr'>res</span> <span class='ocrx_word' id='word_1_164' title='bbox 797 2268 986 2316; x_wconf 89' lang='lat' dir='ltr'>adcendi</span> <span class='ocrx_word' id='word_1_165' title='bbox 1011 2268 1202 2316; x_wconf 87' lang='lat' dir='ltr'>fulmine</span> <span class='ocrx_word' id='word_1_166' title='bbox 1228 2271 1378 2329; x_wconf 85' lang='lat' dir='ltr'>debet,</span> 
     </span>
     <span class='ocr_line' id='line_1_23' title="bbox 240 2360 1369 2426; baseline 0.004 -18"><span class='ocrx_word' id='word_1_167' title='bbox 240 2361 511 2426; x_wconf 87' lang='lat' dir='ltr'>Obportuna</span> <span class='ocrx_word' id='word_1_168' title='bbox 536 2360 621 2408; x_wconf 87' lang='lat' dir='ltr'>fuit</span> <span class='ocrx_word' id='word_1_169' title='bbox 647 2361 680 2408; x_wconf 88' lang='lat' dir='ltr'>si</span> <span class='ocrx_word' id='word_1_170' title='bbox 707 2362 835 2420; x_wconf 88' lang='lat' dir='ltr'>forte,</span> <span class='ocrx_word' id='word_1_171' title='bbox 874 2375 919 2409; x_wconf 86' lang='lat' dir='ltr'>et</span> <span class='ocrx_word' id='word_1_172' title='bbox 944 2361 1119 2419; x_wconf 86' lang='lat' dir='ltr'>idonea,</span> <span class='ocrx_word' id='word_1_173' title='bbox 1159 2362 1369 2412; x_wconf 84' lang='lat' dir='ltr'>flammis.</span> 
     </span>
     <span class='ocr_line' id='line_1_24' title="bbox 242 2457 1339 2524; baseline 0.004 -21"><span class='ocrx_word' id='word_1_174' title='bbox 242 2458 345 2504; x_wconf 91' lang='lat' dir='ltr'>Nec</span> <span class='ocrx_word' id='word_1_175' title='bbox 371 2472 538 2505; x_wconf 88' lang='lat' dir='ltr'>temere</span> <span class='ocrx_word' id='word_1_176' title='bbox 563 2457 752 2506; x_wconf 89' lang='lat' dir='ltr'>omnino</span> <span class='ocrx_word' id='word_1_177' title='bbox 776 2458 909 2524; x_wconf 89' lang='lat' dir='ltr'>plane</span> <span class='ocrx_word' id='word_1_178' title='bbox 936 2457 1001 2504; x_wconf 84' lang='lat' dir='ltr'>vis</span> <span class='ocrx_word' id='word_1_179' title='bbox 1029 2457 1189 2522; x_wconf 84' lang='lat' dir='ltr'>frigida</span> <span class='ocrx_word' id='word_1_180' title='bbox 1213 2459 1339 2507; x_wconf 83' lang='lat' dir='ltr'>venti</span> 
     </span>
    </p>
   </div>
   <div class='ocr_carea' id='block_1_5' title="bbox 240 2550 1455 2620">
    <p class='ocr_par' dir='ltr' id='par_1_6' title="bbox 240 2550 1455 2620">
     <span class='ocr_line' id='line_1_25' title="bbox 240 2550 1455 2620; baseline 0.006 -24"><span class='ocrx_word' id='word_1_181' title='bbox 240 2550 347 2597; x_wconf 84' lang='lat' dir='ltr'>Esse</span> <span class='ocrx_word' id='word_1_182' title='bbox 374 2565 536 2615; x_wconf 83' lang='lat' dir='ltr'>potest,</span> <span class='ocrx_word' id='word_1_183' title='bbox 575 2571 629 2601; x_wconf 84' lang='lat' dir='ltr'>ex</span> <span class='ocrx_word' id='word_1_184' title='bbox 654 2571 747 2618; x_wconf 89' lang='lat' dir='ltr'>quo</span> <span class='ocrx_word' id='word_1_185' title='bbox 771 2554 893 2601; x_wconf 63' lang='lat' dir='ltr'>tanta</span> <span class='ocrx_word' id='word_1_186' title='bbox 918 2552 963 2601; x_wconf 86' lang='lat' dir='ltr'>vi</span> <span class='ocrx_word' id='word_1_187' title='bbox 989 2552 1120 2601; x_wconf 86' lang='lat' dir='ltr'>missa</span> <span class='ocrx_word' id='word_1_188' title='bbox 1144 2572 1334 2620; x_wconf 87' lang='lat' dir='ltr'>superne</span> <span class='ocrx_word' id='word_1_189' title='bbox 1359 2568 1455 2612; x_wconf 81' lang='lat' dir='ltr'>est3</span> 
     </span>
    </p>
   </div>
  </div>
 </body>
</html>
