1986 2795
179 132 262 175 470
718 121 803 164 DE
834 120 1059 163 RERUM
1093 119 1361 162 NATURA.
1684 120 1789 162 Lrn.
1810 120 1886 163 VI.

257 253 457 320 Ignibus,
494 271 547 300 ac
570 251 731 310 ventis,
770 269 877 300 cum
903 251 1057 318 primis
1084 250 1177 315 ipse
1203 249 1428 315 repletus:

257 352 311 396 In
337 349 449 395 terra
474 365 659 413 quoque
685 361 735 394 ut
760 347 1029 403 horrescant,
1069 363 1119 391 ac
1145 358 1262 391 tecta
1288 342 1526 408 requirant.
1794 347 1889 392 260

259 443 329 490 Sic
355 442 490 508 igitur
515 460 674 508 supera
701 455 904 488 nostrum
927 453 1063 506 caput
1086 456 1180 487 esse
1205 437 1463 504 putandum
1487 451 1552 485 est
1576 456 1579 460 ·

257 541 601 603 Tempestatem
628 536 792 583 altam:
832 553 979 600 neque
1005 533 1128 582 enim
1153 532 1345 599 caligine
1370 534 1491 580 tanta

259 631 514 678 Obruerent
540 643 686 686 terras,
727 628 808 675 nisi
836 628 1102 675 inaedificata
1127 645 1318 693 superne

260 724 414 772 Multa
440 723 587 770 forent
615 722 768 770 multis
794 735 1007 788 exempto
1033 720 1187 768 nubila
1212 721 1304 768 sole
1327 740 1337 768 :

259 820 363 864 Nec
393 830 520 864 tanto
546 829 727 882 possent
752 815 984 863 venientes
1010 814 1263 880 obprimere
1290 813 1436 871 imbri,
1798 817 1891 875 265

263 909 471 957 Flumina
497 908 722 955 abundare
748 921 799 953 ut
825 906 1038 963 facerent,
1077 924 1353 972 camposque
1379 919 1543 961 natare,

262 1005 305 1051 Si
331 1022 423 1051 non
449 1001 679 1050 exstructis
706 1001 820 1048 foret
845 1000 932 1047 alte
959 999 1153 1047 nubibus
1177 1000 1327 1046 aether.

330 1097 446 1144 Heic
474 1095 609 1160 igitur
634 1095 795 1152 ventis,
836 1108 970 1159 atque
997 1094 1190 1159 ignibus,
1230 1094 1383 1141 onmia
1417 1095 1549 1160 plena

263 1195 404 1237 Sunt:
444 1188 546 1236 ideo
572 1187 735 1254 passim
762 1186 981 1245 fremitus,
1020 1200 1065 1234 et
1091 1187 1284 1253 fulgura,
1325 1187 1458 1235 fiunt.

264 1284 450 1350 Quippe
477 1297 521 1330 et
546 1283 668 1330 enim
695 1300 827 1348 supra
853 1281 1002 1339 docui,
1042 1282 1268 1348 permulta
1293 1282 1470 1348 vaporis
1802 1301 1900 1347 270

264 1376 443 1425 Semina
469 1376 631 1422 habere
658 1393 788 1421 cavas
813 1374 1001 1431 nubeis;
1039 1388 1084 1422 et
1110 1375 1255 1422 multa
1280 1393 1458 1423 necesse
1483 1389 1548 1422 est

269 1471 523 1535 Concipere
549 1489 602 1516 ex
629 1469 731 1516 solis
757 1469 900 1527 radiis,
940 1470 1184 1535 ardoreque
1210 1489 1382 1518 eorum.

266 1565 397 1623 Heic,
439 1565 517 1611 ubi
543 1578 720 1619 ventus,
760 1581 831 1610 eas
858 1563 979 1611 idem
1004 1564 1083 1629 qui
1109 1565 1231 1630 cogit
1258 1564 1302 1611 in
1330 1582 1474 1612 unum

268 1663 399 1707 Forte
426 1659 578 1705 locum
604 1675 742 1722 quem
768 1657 850 1714 vis,
891 1657 1102 1723 expressit
1128 1657 1270 1705 multa
1295 1657 1472 1723 vaporis

268 1754 461 1812 Semina,
501 1772 635 1818 seque
661 1752 796 1800 simul
822 1771 928 1800 cum
954 1771 1009 1800 eo
1035 1752 1304 1800 conmiscuit
1330 1752 1451 1819 igni3
1805 1768 1898 1815 275

271 1846 526 1895 Insinuatus
553 1843 640 1890 ibei
666 1858 822 1891 vortex
848 1860 1049 1892 vorsatus
1075 1846 1119 1893 in
1146 1846 1252 1904 alto,

270 1945 329 1989 Et
354 1940 505 1988 calidis
532 1938 650 1986 acuit
678 1939 852 1987 fulmen
878 1939 1130 1988 fornacibus
1157 1941 1290 1988 intus.

270 2035 396 2080 Nam
423 2032 594 2098 duplici
619 2033 794 2081 ratione
820 2033 1110 2083 adcenditur:
1151 2035 1244 2101 ipse
1270 2034 1350 2084 sua
1374 2053 1482 2082 cum

241 2234 308 2262 Ver.
326 2234 392 2263 266.
407 2234 527 2272 Driving
541 2235 661 2273 appall'd
671 2236 730 2264 ear-h
743 2236 836 2265 morial
846 2243 870 2264 to
884 2236 922 2265 his
934 2236 1029 2274 homa]
1112 2236 1179 2264 Ver.
1197 2245 1265 2274 270.

1375 2236 1444 2265 those
1471 2237 1594 2276 headlong
1619 2245 1729 2268 torrenls
1755 2240 1811 2269 thal
1838 2241 1902 2269 o'cr-

205 2284 253 2318 So,
268 2283 369 2321 virgil,
391 2283 458 2311 with
473 2284 553 2321 equal
568 2284 642 2313 force
657 2285 690 2313 of
701 2285 822 2325 imagery
832 2297 841 2314 ι
1225 2293 1321 2324 power

441 2349 496 2376 quo
512 2340 628 2368 maxima
644 2348 723 2368 motu
1192 2336 1237 2374 Ost
1251 2348 1327 2374 every
1338 2344 1442 2371 stream,
1451 2323 1609 2366 and-drowa
1623 2339 1663 2367 the
1672 2339 1899 2378 cultur'dplains.]

259 2388 348 2416 Terra
362 2389 464 2421 tremit,
486 2388 583 2427 fugere
600 2389 660 2418 ferae
676 2402 682 2422 ;
705 2398 732 2418 et
748 2390 872 2419 mortalia
886 2392 970 2420 corda
1076 2383 1108 2410 1¹¹
1123 2382 1179 2411 like
1193 2394 1316 2418 mannen
1331 2385 1421 2424 Viri-'³41
1434 2397 1441 2414 ²

267 2437 322 2465 Per
335 2444 432 2475 gentes
447 2437 556 2466 humilis
570 2439 664 2466 stravit
680 2449 772 2476 pavor.
832 2440 914 2469 Gzo.
931 2441 948 2468 i.
964 2449 1032 2477 329.
1132 2441 1177 2469 At
1195 2441 1289 2470 Boreae
1304 2443 1338 2471 de
1352 2450 1430 2481 parte
1445 2444 1531 2472 trucis
1544 2455 1609 2472 cum
1623 2444 1762 2479 fulminat,
1779 2451 1807 2474 et
1821 2455 1884 2473 cum

240 2497 304 2524 The
318 2497 408 2525 beasts
423 2508 466 2525 are
482 2498 534 2526 fled
546 2510 553 2532 ;
575 2499 652 2526 carth
663 2498 744 2527 rocks
757 2499 826 2527 from
836 2499 899 2538 pole
913 2507 943 2528 to
957 2499 1031 2538 pole,
1133 2490 1256 2528 Eurique
1267 2491 1448 2530 zephyrique
1457 2500 1536 2521 tonat
1547 2493 1645 2522 domus
1659 2505 1667 2527 3
1689 2494 1779 2522 omnia
1788 2493 1874 2532 plenis

241 2546 310 2573 Fear
320 2546 405 2574 walks
414 2547 461 2575 the
472 2547 567 2582 world,
579 2549 631 2576 and
643 2549 719 2577 bows
728 2549 770 2577 th’
783 2550 935 2578 astonish'd
946 2549 1015 2578 soul.
1135 2538 1210 2566 Rura
1223 2546 1317 2567 natam
1327 2539 1416 2573 fOSSiS’
1425 2548 1508 2578 atque
1520 2546 1608 2570 omnis
1620 2542 1709 2570 naVita
1721 2549 1809 2580 Ροῃω

864 2589 1026 2617 δοτκειιγ.
1131 2586 1256 2616 Humida
1272 2589 1328 2617 vela
1342 2589 1421 2627 legit.
1659 2591 1786 2620 Gzoizc.
1802 2591 1820 2620 i.
1837 2598 1902 2629 370.
