1986 2795
177 139 258 180 372
700 127 786 169 DE
817 125 1041 168 RERUM
1074 124 1342 168 NATURA.
1696 126 1800 170 Lm.
1821 126 1874 170 v,

250 258 411 306 Mollia
436 257 543 304 ricta
568 256 781 313 fremunt,
822 256 955 302 duros
981 253 1194 302 nudantia
1220 251 1406 310 denteis,

253 359 411 419 Longe
437 353 524 400 alio
550 352 698 400 sonitu
724 350 862 398 rabies
889 349 1083 396 districta
1108 347 1321 404 minatur,

254 447 315 492 Et
341 462 482 509 quom
499 444 598 508 jam
623 443 797 500 latrant,
837 457 880 488 et
905 441 1093 488 vocibus
1119 440 1271 488 omnia
1296 439 1524 506 conplent.
1566 450 1569 453 ⁴
1753 448 1879 508 1065

253 542 319 585 At
345 537 515 584 catulos
540 537 703 584 blande
729 554 871 601 quom
896 535 1051 599 lingua
1075 534 1271 581 lambere
1297 547 1486 593 tentant,

254 637 355 680 Aut
380 632 457 679 ubi
482 650 556 679 eos
583 632 746 678 lactant
771 629 975 695 pedibus,
1005 646 1246 692 morsuque
1273 642 1494 695 potentes,

257 726 518 792 Subspensis
544 739 717 773 teneros
743 723 973 770 imitantur
999 722 1207 770 dentibus
1233 723 1430 781 haustus,

258 822 419 884 Longe
444 819 530 866 alio
556 831 689 884 pacto
713 816 901 883 gannitu
928 816 1051 864 vocis
1077 816 1277 874 adulant,

259 915 319 960 Et
343 931 485 978 quom
510 911 695 959 desertei
719 911 971 958 baubantur
997 911 1041 957 in
1070 910 1252 968 aedibus,
1291 924 1368 958 aut
1392 930 1536 977 quom
1759 931 1890 978 1070

260 1008 487 1055 Plorantes
513 1005 710 1071 fugiunt,
751 1005 970 1053 submisso
995 1023 1202 1070 corpore,
1242 1004 1409 1070 plagas.

333 1286 561 1351 Denique,
600 1303 693 1331 non
718 1284 918 1331 hinnitus
945 1284 1054 1332 item
1080 1283 1256 1332 differre
1281 1283 1473 1344 videtur,

263 1384 385 1429 Inter
408 1397 544 1444 equas
570 1377 648 1425 ubi
673 1395 815 1443 equus
841 1375 1020 1424 florenti
1044 1390 1171 1424 aetate
1189 1378 1418 1442 juvencus

267 1473 494 1539 Pinnigeri
519 1471 645 1519 saevit
670 1470 912 1518 calcaribus
938 1470 1052 1518 ictus
1077 1471 1290 1528 Amoris;

269 1569 333 1615 Et
354 1583 494 1631 quom
516 1564 577 1611 sic
602 1563 720 1620 alias,
759 1562 982 1610 concussis
1008 1563 1204 1621 artubus,
1243 1563 1405 1622 hinnit,
1767 1584 1894 1633 1075

268 1663 329 1708 Et
354 1658 585 1706 fremitum
611 1656 775 1723 patulis
798 1657 880 1704 sub
905 1656 1082 1704 naribus
1107 1657 1200 1704 edit
1225 1657 1280 1703 ad
1305 1661 1461 1705 arma?

340 1755 587 1808 Postremo,
614 1768 756 1815 genus
782 1750 988 1807 alituum,
1027 1749 1250 1815 variaeque
1275 1751 1496 1811 volucres,

272 1844 544 1911 Adcipitres,
583 1856 718 1908 atque
744 1842 964 1908 ossifragae
989 1843 1264 1909 mergeique,
1303 1844 1482 1892 marinis

271 1937 518 1995 Fluctibus,
557 1936 602 1984 in
629 1936 741 1984 salso
766 1935 941 1983 victum
960 1938 1193 2002 vitamque
1218 1952 1436 2003 petentes,

274 2035 435 2096 Longe
460 2031 563 2078 alias
589 2031 676 2078 alio
694 2031 870 2096 jaciunt
896 2032 941 2079 in
967 2045 1170 2097 tempore
1197 2051 1347 2090 voces,
1773 2039 1903 2084 1080

279 2126 340 2171 Et
365 2141 507 2188 quom
533 2123 588 2169 de
615 2122 739 2170 victu
765 2136 949 2181 certant,
988 2123 1227 2189 praedaque
1253 2139 1520 2190 repugnant.

212 2321 345 2349 Molossia
359 2330 414 2348 was
428 2320 583 2348 celebrated
604 2320 647 2348 for
661 2321 696 2348 its
716 2321 799 2350 breed
816 2320 849 2350 of
866 2320 989 2355 mastiffs,
1010 2330 1038 2350 as
1118 2321 1180 2349 Nor
1193 2321 1277 2359 slight
1291 2322 1342 2360 thy
1357 2322 1438 2362 dogs,
1453 2333 1487 2352 on
1503 2323 1583 2361 whey
1599 2323 1646 2352 the
1660 2322 1774 2352 mastiffs
1785 2322 1857 2357 seed,

213 2373 311 2410 Sparta
327 2381 381 2398 was
396 2370 439 2398 for
453 2371 487 2398 its
502 2370 620 2398 hounds.
663 2371 771 2404 Hence,
786 2371 877 2410 Virgil
891 2383 898 2400 ς
1119 2368 1270 2398 Molossian
1297 2381 1367 2405 race,
1395 2372 1448 2400 aud
1475 2372 1583 2400 hounds
1610 2371 1644 2400 of
1668 2371 1785 2410 Spartan
1812 2371 1904 2399 breed.
1948 2358 1950 2360 Ι

252 2430 312 2458 Nec
327 2430 377 2457 tibi
392 2440 456 2458 cura
471 2440 568 2458 canum
583 2430 664 2459 fuerit
679 2437 834 2468 postrema:
857 2431 903 2459 sed
916 2442 969 2460 una
1743 2420 1907 2457 SOTHEBY·.

253 2478 372 2506 Veloces
387 2480 492 2516 Spartae
507 2479 626 2515 catulos,
648 2490 791 2519 acremque
808 2480 963 2508 Molossum
1120 2467 1186 2496 ver·
1205 2469 1287 2497 ¹088·
1562 2470 1603 2499 'he
1615 2470 1659 2498 din

255 2527 339 2555 pasce
355 2538 412 2556 sero
427 2528 544 2566 pingui:
1203 2517 1296 2555 Urg'd
1322 2518 1456 2547 clam’rous
1490 2518 1599 2556 through
1628 2518 1668 2547 the
1695 2519 1805 2547 mansion
1884 2516 1900 2553 ]

780 2567 907 2599 Gnoac.
922 2567 959 2596 iii.
973 2576 1040 2604 404.
1081 2565 1163 2595 Thus
1175 2565 1265 2605 Gray,
1274 2566 1342 2597 with
1352 2567 1406 2596 still
1417 2578 1491 2597 more
1502 2568 1668 2597 minuteness
1677 2566 1712 2596 of
1719 2566 1899 2605 description:
