1986 2795
222 150 300 185 ‘llo
749 141 834 184 DE
868 141 1092 183 RERUM
1125 139 1392 183 NATURA.
1744 141 1847 183 Lm.
1873 142 1920 183 V.

293 270 394 321 Qua}
423 287 466 315 re
490 269 625 316 etiam
651 269 774 316 sedes
799 287 982 334 quoque
1008 269 1164 317 nostris
1190 267 1367 315 sedibus
1392 284 1483 315 esse

293 362 542 411 Dissimiles
569 364 763 420 debent3
802 379 971 422 tenues,
1011 364 1066 410 de
1092 381 1278 428 corpore
1303 380 1476 409 eorum.
1826 379 1919 425 155

294 464 410 515 Quae
437 463 516 509 tibi
543 463 759 528 posterius
785 464 909 528 largo
933 479 1137 509 sermone
1163 461 1379 526 probabo.

364 558 528 605 Dicere
556 577 702 624 porro,
742 557 981 604 hominum
1006 557 1156 603 caussa
1180 555 1375 603 voluisse
1402 573 1552 622 parare

296 652 553 700 Praeclaram
582 651 740 698 mundi
767 665 984 708 naturam,
1024 663 1350 715 proptereaque

296 744 597 793 Adlaudabile
620 763 733 809 opus
759 744 917 790 dlvom
942 743 1120 790 laudare
1147 743 1318 800 decere,

298 842 631 902 Alternumque
656 851 814 903 putare
839 851 974 902 atque
999 836 1235 883 inmortale
1261 836 1464 884 futurum
1487 857 1497 892 ;
1829 841 1922 886 160

297 936 398 979 Nec
425 932 486 978 fas
511 949 618 988 esse,
657 932 797 979 defim
823 931 948 996 quod
973 930 1027 978 sit
1052 930 1221 978 ratione
1247 933 1422 978 vetusta

295 1025 517 1072 Gentibus
544 1024 751 1071 humanis
777 1024 1021 1071 fundatum
1048 1038 1269 1090 perpetuo
1293 1043 1406 1082 aevo,

296 1117 520 1164 Solicitare
545 1116 632 1164 suis
658 1117 752 1165 ulla
776 1116 822 1164 vi
847 1135 901 1164 ex
926 1117 1104 1165 sedibus
1128 1136 1364 1183 umquam,

296 1215 400 1261 Nec
426 1212 570 1260 verbis
596 1231 770 1269 vexare,
810 1226 854 1260 et
880 1212 935 1260 ab
961 1212 1055 1260 imo
1079 1227 1281 1261 evortere
1306 1213 1511 1261 summu:

296 1311 466 1355 Caetera
492 1307 547 1354 de
572 1324 734 1372 genere
760 1307 847 1354 hoc
873 1306 1115 1371 adfingere,
1155 1319 1199 1353 et
1224 1305 1400 1362 addere,
1440 1304 1662 1352 Memmi!
1830 1312 1919 1369 165

297 1399 512 1464 Desipere
538 1412 630 1454 est3
667 1397 778 1463 quid
803 1397 925 1444 enim
952 1397 1276 1454 inmortalibus,
1315 1411 1449 1462 atque
1474 1397 1626 1455 beatis,

300 1491 454 1539 Gratia
479 1505 626 1538 nostra
650 1504 785 1555 queat
810 1489 1005 1554 largirier
1029 1489 1343 1547 emolumenti,

299 1588 364 1631 Ut
390 1586 534 1632 nostr-51
559 1583 810 1649 quidquam
834 1584 985 1630 caussa
1009 1599 1159 1648 gerere
1186 1582 1533 1647 adgredientur?

298 1677 482 1731 Quidve
508 1676 615 1723 novi
641 1675 790 1741 potuit
816 1689 940 1722 tanto
966 1689 1081 1741 post,
1120 1688 1222 1722 ante
1247 1675 1436 1740 quietos,

300 1770 500 1827 Inlicere,
540 1783 589 1816 ut
615 1783 831 1835 cuperent
856 1768 997 1816 vitam
1024 1782 1196 1815 mutare
1221 1767 1451 1834 priorem?
1830 1789 1845 1819 1
1861 1785 1945 1834 70·

300 1867 425 1911 Nam
449 1863 642 1928 gaudere
669 1863 796 1910 novis
822 1862 951 1909 rebus
977 1862 1137 1908 debere
1162 1861 1354 1918 videtur,

301 1958 423 2012 Quoi
448 1972 619 2004 veteres
645 1957 836 2003 obsunt:
875 1956 966 2013 sed,
1005 1955 1112 2020 quoi
1139 1954 1249 2001 nihil
1274 1953 1439 2001 adcidit
1464 1955 1570 2020 aegri

299 2055 527 2116 Tempore
553 2049 598 2096 in
623 2063 725 2097 ante
751 2063 864 2107 acto,
903 2066 1045 2114 quom
1070 2047 1257 2113 pulchre
1284 2047 1463 2112 degeret
1488 2065 1650 2106 aevom,

301 2144 425 2198 Quid
451 2144 599 2209 potuit
625 2144 834 2192 novitatis
858 2161 1059 2192 amorem
1084 2142 1329 2190 adcendere
1354 2141 1430 2189 tali
1453 2144 1468 2189 ?

229 2439 285 2466 tion
300 2445 330 2466 to
350 2437 441 2465 notice
454 2435 509 2465 etin
529 2436 643 2470 fai-ther,
657 2437 683 2464 in
698 2437 745 2465 the
759 2437 934 2474 prosecution
954 2435 989 2465 of
1005 2437 1052 2466 the
1092 2437 1163 2475 ings,
1178 2436 1239 2466 that
1253 2437 1287 2466 he
1302 2448 1363 2466 ever
1373 2438 1539 2477 attempted,
1554 2438 1580 2466 in
1595 2438 1643 2467 the
1657 2445 1787 2467 remotest
1802 2444 1919 2469 manner,
1977 2449 1979 2458 ι

229 2486 311 2514 Book
333 2485 426 2515 before
441 2496 492 2519 us;
515 2486 566 2514 but
587 2486 608 2514 it
623 2485 721 2514 should
741 2486 776 2513 be
797 2486 938 2519 obser-ved,
959 2493 990 2514 to
1010 2486 1052 2514 his
1092 2492 1122 2513 to
1137 2486 1255 2515 advance
1270 2497 1323 2524 any
1337 2488 1449 2525 opinion
1471 2498 1546 2526 upon
1567 2487 1608 2516 his
1622 2487 1785 2524 mysterious
1801 2494 1915 2515 essence.
1975 2503 1977 2512 s

228 2535 324 2567 credit,
345 2535 406 2562 that
420 2535 442 2563 it
453 2535 519 2563 does
532 2542 581 2563 not
594 2545 706 2573 appear,
720 2534 790 2562 from
805 2544 858 2571 any
872 2534 953 2573 thing
964 2535 990 2563 in
1005 2535 1052 2563 the
1094 2535 1158 2563 The
1178 2535 1259 2564 order
1280 2535 1312 2564 of
1336 2536 1534 2575 intelligences‚
1561 2536 1594 2565 of
1614 2536 1707 2565 whom
1726 2535 1873 2564 Lucretius
1894 2532 1916 2560 ¹⁸!
1974 2543 1976 2554 '

228 2590 335 2618 present
350 2592 442 2620 poem,
462 2593 494 2611 or
508 2582 579 2612 from
593 2593 646 2622 any
662 2583 777 2612 remainn
796 2582 830 2612 of
844 2582 887 2612 his
903 2593 965 2612 own
981 2583 1054 2611 writ·
1095 2582 1240 2622 speaking,
1261 2584 1287 2612 in
1301 2584 1349 2613 the
1369 2595 1484 2623 passage
1506 2584 1599 2614 before
1613 2595 1655 2619 us,
1676 2595 1720 2613 are
1739 2591 1787 2613 not
1802 2589 1916 2612 creator*
