1986 2795
230 132 309 169 204
759 123 844 165 DE
875 121 1099 165 RERUM
1131 119 1396 163 NATURA.
1707 122 1810 164 Lm.
1834 122 1909 164 1v.

302 256 366 299 Ut
390 251 592 316 gravidas
616 250 802 298 reddant
826 266 983 296 uxores
1008 247 1176 295 semine
1202 246 1338 310 largo.

302 347 627 412 Nequidquam
653 345 810 393 divom
837 362 1020 402 numen,
1059 341 1315 406 sorteisque‚
1354 340 1571 406 fatigant:

303 443 426 487 Nam
451 439 614 486 steriles
641 438 832 486 nimium
858 455 1000 483 crasso
1024 450 1126 483 sunt
1151 434 1319 482 semine
1347 434 1523 500 partim,
1582 442 1584 445 ’

305 535 365 580 Et
391 532 562 596 liquido
587 545 742 596 praeter
758 531 950 594 justum,
989 528 1204 592 tenuique
1229 527 1437 576 vicissim.

305 629 479 681 Tenue,
519 625 625 671 locis
650 623 754 688 quia
779 642 870 669 non
895 622 1012 687 potis
1037 635 1102 668 est
1127 621 1322 685 adfigere
1347 622 1589 680 adhaesum,
1793 641 1809 669 1
1826 642 1881 686 23
1892 639 1916 684 5

306 719 514 783 Liquituz·
539 736 590 764 ex
618 716 804 781 templo,
842 729 886 762 et
911 728 1172 762 revocatum
1196 714 1315 762 cedit
1339 715 1510 763 abortu.

305 812 499 858 Crassius
525 810 622 857 heic
646 827 794 874 porro,
831 808 1047 873 quoniam
1072 808 1322 855 concretius
1345 827 1476 873 aequo

307 905 517 959 Mittitur,
556 917 631 949 aut
658 920 748 949 non
774 916 866 948 tam
892 901 1298 967 prolixo-provolat
1322 901 1430 959 ictu,

306 1001 403 1043 Aut
427 1009 655 1061 penetrare
680 994 802 1041 locos
827 1012 954 1058 aeque
979 993 1150 1058 nequit,
1187 1008 1265 1042 aut
1290 1009 1572 1060 penetratum

306 1092 448 1154 AEgre
473 1087 740 1135 admiscetur
765 1086 973 1134 muliebri
997 1087 1165 1135 semine
1191 1105 1372 1134 semen:
1798 1104 1926 1146 1240

307 1186 432 1231 Nam
458 1182 654 1229 multum
680 1180 924 1228 harmoniae
948 1179 1138 1228 Veneris
1163 1180 1341 1227 differre
1363 1180 1604 1237 videntur;

305 1281 461 1341 Atque
487 1275 589 1322 alias
614 1273 713 1321 aliei
738 1273 954 1339 conplent
980 1272 1135 1338 magis,
1172 1291 1227 1320 ex
1252 1273 1437 1338 aliisque

309 1370 596 1435 Subscipiunt
621 1369 715 1416 aliae
740 1367 919 1434 pondus
943 1367 1099 1432 magiS‚
1138 1367 1275 1432 inque
1299 1381 1567 1432 gravescunt
1588 1385 1599 1414 ε

313 1467 466 1517 Quom
493 1463 645 1510 multae
671 1461 836 1509 steriles
861 1459 1127 1526 Hymenaeis
1154 1474 1257 1507 ante
1283 1459 1465 1507 fuerunt

312 1557 531 1613 Pluribus,
569 1570 614 1603 et
640 1570 778 1603 nactae
805 1569 907 1620 post
931 1568 1032 1602 sunt
1059 1568 1225 1612 tamen,
1264 1555 1385 1601 unde
1409 1553 1587 1620 puellos
1802 1570 1928 1614 1245

314 1651 587 1716 Subscipere‚
626 1664 670 1697 et
695 1663 822 1716 partu
849 1662 1030 1715 possent
1055 1648 1266 1696 ditescere
1293 1648 1442 1705 dulci;

314 1746 391 1801 Et,
429 1743 590 1808 quibus
616 1757 717 1791 ante
743 1742 866 1790 domi
892 1742 1096 1790 fecundae
1121 1760 1236 1807 saepe
1263 1742 1517 1806 nequissent

312 1839 484 1883 Uxores
509 1854 673 1901 parere,
712 1835 896 1883 inventa
919 1849 984 1882 est
1010 1834 1094 1882 illis
1119 1853 1303 1900 quoque
1328 1852 1495 1900 conpar

315 1932 503 1987 Natura,
543 1943 591 1976 ut
615 1943 797 1995 possent
821 1929 964 1995 gnatis
990 1929 1165 1977 munire
1191 1942 1429 1976 senectam.

292 2407 357 2437 Ver.
378 2417 408 2444 13
418 2415 462 2447 15.
489 2407 623 2446 Andfiel
630 2407 671 2437 the
684 2409 764 2447 lovely
778 2409 840 2439 Ioad
848 2409 915 2438 their
929 2409 1025 2438 wombs
1037 2421 1079 2437 m-
1158 2409 1229 2437 And
1244 2408 1310 2436 thus
1323 2406 1426 2446 virgil,
1446 2416 1475 2435 aa
1488 2405 1648 2435 Wakefield
1667 2405 1803 2440 observes,
1823 2404 1892 2434 with
1909 2405 1952 2434 si-v

370 2456 454 2493 rich]
477 2455 559 2484 Thus
579 2456 742 2495 beautifully
758 2459 784 2486 in
803 2458 851 2487 the
866 2458 999 2497 original:
1119 2457 1197 2485 milar
1209 2457 1352 2494 imageryz

297 2512 474 2549 Subscipiunt
484 2512 541 2541 axiae
556 2512 665 2551 pondus
679 2514 776 2553 magis,
796 2516 878 2555 inque
890 2521 1064 2554 gravescunt.
1159 2512 1220 2541 Nec
1234 2513 1323 2540 minus
1342 2512 1510 2550 inter-casem
1523 2520 1618 2539 nemus
1627 2520 1708 2539 omne
1714 2510 1856 2548 gravescit.

909 2562 978 2592 Ver.
996 2572 1078 2600 1243.
1690 2559 1818 2588 Gzoac.
1832 2557 1860 2586 ii.
1874 2565 1942 2595 429<

1202 2607 1263 2638 Nor
1275 2608 1328 2638 less
1341 2608 1408 2638 each
1421 2618 1506 2647 grove
1520 2607 1542 2638 is
1556 2607 1648 2637 loaded
1658 2607 1725 2636 with
1739 2607 1858 2636 increase.
