1986 2795
137 123 190 164 64
660 116 745 158 DE
775 113 997 157 RERUM
1030 112 1294 154 NATURA.
1615 108 1720 151 Lm.
1742 109 1818 151 lv.

208 249 364 300 Quom
389 255 557 310 coeptat
581 244 769 298 Natura,
807 255 1029 306 supraque
1052 235 1264 285 extollere
1289 232 1508 289 monteis;

210 340 336 392 Quos
361 336 440 384 tibi
466 350 564 383 tum
588 352 719 400 supra
742 333 807 380 sol
833 331 1022 380 monteis
1046 347 1137 377 esse
1161 327 1354 384 videtur,

210 429 460 477 Conminus
485 429 577 494 ipse
602 445 682 475 suo
706 426 969 490 contingens
994 421 1191 470 fervidus
1217 420 1324 486 igni,

210 522 302 569 Vix
327 522 484 568 absunt
510 520 635 567 nobis
660 519 816 567 missus
836 518 903 565 bis
927 517 1033 564 mile
1057 514 1254 580 sagittae3
1722 527 1824 571 410

215 614 306 661 Vix
330 614 463 661 etiam
488 630 638 660 cursus
662 611 932 676 quingentos
956 625 1071 674 saepe
1096 606 1258 654 veruti.

219 710 338 754 Inter
362 725 450 764 eos,
488 706 718 770 solemque
735 703 887 768 jacent
913 700 1107 749 inmania
1131 698 1259 765 ponti

219 801 436 864 [Equora,
475 798 686 844 substrata
712 795 896 843 aetheriis
922 792 1175 858 ingentibus
1198 791 1313 838 oris:

222 899 546 962 Interjectaque
570 907 673 943 sunt
698 907 911 941 terrarum
931 891 1057 939 milia
1082 891 1237 947 multa,

221 992 335 1043 Quae
361 989 490 1035 variae
515 987 704 1035 retinent
728 998 896 1050 genteS,
933 997 978 1031 et
1002 983 1116 1030 secla
1141 982 1345 1029 ferarum.
1730 996 1788 1039 41
1801 997 1826 1042 5

222 1086 287 1129 At
311 1081 537 1144 conjectus
562 1097 701 1143 aquae,
737 1076 931 1141 digitum
956 1093 1047 1122 non
1072 1074 1199 1121 altior
1223 1091 1381 1130 unum,

223 1172 315 1227 Qui
341 1171 506 1237 lapides
533 1171 644 1216 inter
667 1167 791 1225 sistit,
828 1185 907 1232 per
932 1179 1061 1214 strata
1083 1166 1272 1223 viarum,
1325 1150 1337 1157 ,

225 1268 504 1330 Despectum
530 1261 695 1327 praebet
718 1260 799 1307 sub
825 1273 956 1307 terras
982 1258 1131 1323 inpete
1156 1270 1295 1314 tanto,

227 1361 272 1403 A
298 1356 416 1403 terris
441 1367 661 1419 quantum
685 1352 789 1400 coeli
815 1366 937 1417 patet
972 1352 1085 1399 altus
1110 1351 1282 1406 hiatus;

228 1448 400 1496 Nubila
425 1447 661 1511 despicere,
699 1458 744 1493 et
767 1445 967 1492 coelum:
1004 1458 1054 1491 ut
1079 1443 1254 1490 videare
1280 1442 1432 1490 videre
1734 1457 1835 1503 420

230 1542 428 1604 Corpora
453 1538 648 1585 mirande
673 1538 754 1584 sub
779 1551 923 1593 terras,
961 1536 1109 1582 abdita
1133 1535 1264 1582 coelo.

299 1631 524 1695 Denique,
563 1631 639 1677 ubi
664 1630 709 1677 in
734 1630 883 1677 medio
908 1629 1033 1676 nobis
1059 1647 1199 1694 equus
1223 1646 1322 1676 acer
1346 1628 1533 1676 obhaesit

232 1721 454 1778 Flumine,
492 1735 535 1768 et
561 1721 606 1768 in
632 1721 800 1786 rapidas
827 1721 967 1768 amnis
992 1721 1263 1787 dispeximus
1287 1722 1457 1777 undas;

232 1815 393 1862 Stantis
417 1815 521 1879 equi
545 1833 704 1880 corpus
730 1829 1027 1862 transvorsum
1052 1815 1162 1862 ferre
1186 1815 1365 1862 videtur

236 1907 332 1964 Vis,
371 1921 414 1954 et
439 1906 483 1953 in
508 1907 745 1953 advorsum
771 1906 942 1953 flumen
965 1894 1230 1954 contrudere·
1251 1907 1412 1972 raptim
1434 1924 1445 1952 ε
1742 1921 1840 1965 425

237 2001 310 2054 Et,
349 2015 671 2062 quoquomque
695 1997 847 2044 oculos
873 1997 1136 2061 trajecimus,
1174 1997 1325 2044 omnia
1353 1996 1468 2054 ferri,

240 2095 299 2138 Et
325 2089 475 2145 fluere,
513 2088 701 2135 adsimili
726 2088 851 2135 nobis
876 2088 1042 2135 ratione
1066 2089 1288 2136 videntur.

307 2181 504 2228 Porticus
530 2180 686 2246 aequali
711 2198 846 2245 quarn
874 2180 938 2227 vis
962 2194 1026 2227 est
1058 2181 1250 2246 denique
1275 2183 1429 2237 ductu,

209 2383 277 2410 Ver.
293 2383 359 2417 43⁵³·
516 2381 542 2408 in
561 2379 713 2408 wond'rous
732 2382 804 2418 guise
830 2379 986 2418 display’d.]
1069 2379 1172 2409 Nubila
1185 2380 1334 2417 despicere,
1354 2387 1382 2408 et
1403 2381 1523 2409 coelum:
1545 2384 1576 2408 u't
1589 2379 1695 2408 videare
1707 2377 1808 2411 videre,
1828 2386 1852 2407 et

171 2430 243 2457 This
264 2439 347 2462 verse,
377 2428 430 2456 and
454 2428 515 2456 that
536 2427 629 2455 which
649 2428 777 2465 precedes
799 2427 830 2460 it,
860 2437 904 2456 are
925 2427 990 2455 thus
1069 2428 1193 2465 Corpore
1205 2429 1319 2456 mirando
1333 2429 1382 2456 sub
1397 2435 1481 2456 terras
1495 2429 1588 2457 abdita
1601 2427 1683 2456 coelo.

171 2478 316 2515 expressed
344 2477 371 2505 in
401 2477 449 2506 the
479 2486 606 2506 common
634 2476 760 2511 editions,
794 2486 848 2504 ver.
884 2486 993 2512 420,—

1071 2484 1142 2513 This
1163 2485 1262 2514 lection
1286 2485 1300 2513 1
1318 2485 1385 2514 have
1404 2486 1587 2524 relinquished
1608 2484 1652 2513 for
1667 2484 1729 2512 that
1752 2483 1778 2512 in
1802 2485 1850 2515 the

174 2536 225 2561 421
240 2537 247 2553 ι
1032 2540 1102 2568 text,
1117 2533 1207 2562 which
1221 2543 1334 2572 appears
1347 2541 1379 2562 to
1390 2544 1433 2563 me
1447 2535 1494 2563 the
1507 2533 1630 2567 cleareat,
1644 2533 1697 2562 and
1711 2533 1850 2563 combine·
