1986 2795
208 122 286 164 126
733 122 819 165 DE
850 121 1074 165 RERUM
1106 120 1373 165 NATURA.
1691 122 1795 164 Lm.
1817 120 1892 163 IV.

345 247 522 296 Scilicet
545 262 590 298 et
614 250 782 300 fessum
806 269 968 316 corpus
992 250 1202 299 mandare
1224 247 1383 313 quieti,

277 343 431 392 Multo
456 344 680 410 antiquius
706 358 785 402 est,
824 362 962 409 quam
987 343 1091 390 lecti
1116 341 1269 390 mollia
1293 354 1451 388 strata:

282 442 341 485 Et
366 437 516 485 sedare
540 437 660 486 sitim
685 437 806 504 prius
830 451 910 494 est,
948 454 1087 502 quam
1111 435 1289 501 pocula,
1327 447 1498 482 natum.

348 531 460 577 Haec
487 530 621 595 igitur
644 543 832 595 possunt
859 528 1020 577 utundi
1044 528 1225 592 cognita
1248 529 1398 575 caussa

281 624 478 681 Credier,
517 643 570 672 ex
596 643 678 671 usu
704 643 805 689 quae
830 637 948 681 sunt,
986 622 1187 687 vitaque,
1225 635 1425 688 reperta:
1804 627 1828 672 8
1839 639 1900 686 50

282 717 364 764 Illa
388 717 574 781 quidem
600 735 812 773 seorsum,
851 729 955 763 sunt
979 714 1132 762 omnia
1154 733 1257 780 quae
1282 714 1405 780 prius
1430 713 1524 780 ipsa

282 813 417 868 Nata,
457 810 616 857 dedere
642 828 730 857 suae
755 822 856 875 post
882 807 1089 856 notitiam
1113 806 1342 854 utilitatis:

283 907 391 958 Quo
415 921 577 969 genere
602 903 648 949 in
673 902 827 968 primis
853 920 1018 959 sensus,
1056 914 1101 948 et
1126 901 1343 959 membra,
1381 900 1604 949 videmus.

282 999 389 1053 Qua
413 1017 458 1046 re
482 998 618 1045 etiam
643 1011 777 1061 atque
802 996 938 1044 etiam
962 995 1122 1062 procul
1147 1008 1227 1053 est,
1266 1008 1317 1042 ut
1341 995 1518 1042 credere
1543 995 1697 1061 possis,

286 1091 499 1139 Utilitatis
525 1091 583 1137 ob
609 1090 828 1137 obficium
851 1088 1049 1155 potuisse
1075 1087 1224 1136 creari.
1810 1088 1905 1151 855

355 1186 478 1234 Illud
504 1184 613 1232 item
638 1202 727 1232 non
754 1196 820 1231 est
845 1182 1117 1240 mirandum,
1156 1182 1351 1248 corporis
1376 1182 1471 1247 ipsa

285 1281 426 1335 Quod
450 1292 606 1327 natura
629 1277 783 1325 cibum
808 1277 966 1342 quaerit
991 1276 1244 1342 quoiusque
1269 1275 1519 1323 animantis.

286 1374 474 1440 Quippe
499 1386 543 1420 et
568 1372 691 1419 enim
717 1372 871 1429 fluere,
910 1384 1045 1435 atque
1070 1370 1288 1426 recedere,
1329 1387 1514 1434 corpora
1537 1369 1666 1416 rebus

288 1467 453 1524 Multa,
492 1465 637 1513 modis
663 1463 830 1521 multis,
869 1463 1032 1510 docui:
1071 1464 1148 1510 sed
1172 1462 1366 1528 plurima
1390 1461 1556 1509 debent

289 1562 363 1607 Ex
386 1557 679 1613 animalibus3
714 1556 811 1603 haec
836 1555 942 1621 quia
966 1569 1069 1603 sunt
1093 1555 1283 1603 exercita
1307 1567 1434 1602 motu
1454 1574 1465 1602 ε
1816 1557 1912 1604 860

289 1653 530 1717 Multaque
556 1669 634 1717 pei·
659 1650 868 1700 sudorem
893 1667 946 1696 ex
971 1649 1062 1696 alto
1086 1666 1233 1714 pressa
1254 1647 1496 1702 'feruntur;

291 1746 442 1793 Multa
466 1762 546 1810 per
570 1762 617 1791 os
642 1743 917 1800 exhalantur,
956 1761 1098 1807 quom
1123 1741 1334 1806 languida
1358 1739 1583 1787 anhelant.

293 1839 392 1886 Hiis
418 1838 552 1903 igitur
577 1837 705 1885 rebus
731 1836 906 1883 rarescit
931 1854 1107 1900 corpus,
1140 1849 1189 1882 et
1214 1834 1360 1882 omnis

293 1932 529 1981 Subruitur
554 1945 736 1979 natura:
775 1930 903 1977 dolor
927 1948 1064 1994 quam
1089 1928 1377 1993 consequitur
1400 1944 1509 1972 rem.

296 2031 547 2091 Propterea,
586 2024 758 2089 capitur
783 2023 922 2080 cibus,
962 2036 1013 2069 ut
1037 2022 1277 2069 subfulciat
1301 2033 1433 2076 artus,
1819 2020 1912 2077 865

298 2124 359 2169 Et
384 2131 549 2166 recreet
574 2117 703 2164 vireis
729 2116 842 2170 inter
867 2116 1022 2172 datus3
1060 2128 1209 2180 atque,
1248 2126 1477 2179 patentem

268 2417 334 2446 Ver.
350 2417 416 2445 866.
451 2416 532 2449 Thus,
565 2421 613 2447 too,
648 2420 732 2452 repose
757 2413 798 2442 the
824 2424 914 2450 weary
939 2412 1055 2441 members
1136 2411 1248 2440 Scilicet
1261 2418 1289 2439 et
1304 2410 1404 2439 fessum
1420 2419 1520 2447 corpus
1535 2408 1661 2436 mandare
1675 2406 1771 2444 quieti,

299 2457 303 2460 ¹
383 2464 495 2498 claim'd‚
1135 2459 1230 2488 Multo
1244 2460 1384 2498 antiquius
1398 2466 1449 2492 est,
1471 2468 1552 2496 quam
1567 2457 1632 2486 lecti
1646 2454 1737 2483 mollia
1753 2461 1846 2482 strata.

346 2515 424 2552 Long
443 2526 483 2543 θ’(
503 2513 544 2542 '7³‘
556 2513 636 2542 down
651 2511 782 2551 display’d
792 2512 824 2541 its
838 2512 889 2550 5⁴3ss
902 2517 1010 2550 ‘xpum‘
1020 2511 1051 2548 3]
1096 2521 1165 2550 And
1180 2520 1244 2549 thus
1256 2520 1281 2548 in
1297 2520 1343 2549 the
1357 2518 1454 2548 Italian
1469 2517 1502 2546 of
1515 2514 1664 2546 Marchetti
1677 2526 1683 2542 2

230 2565 262 2592 In
277 2564 324 2593 the
339 2563 455 2603 original
466 2570 527 2594 text
548 2563 630 2592 thus:
653 2572 678 2591 v.
693 2562 759 2599 346,
