1986 2795
121 159 200 197 41¹2
667 147 752 189 DE
785 145 1010 188 RERUM
1043 145 1310 188 NATURA.
1643 146 1750 188 Lm.
1773 148 1825 190 V.

191 282 348 344 Atque
374 294 509 343 opere
534 275 580 323 in
606 275 720 323 duro
745 275 954 322 durarent
980 274 1196 330 membra,
1235 291 1501 340 manusque.

261 377 329 421 At
354 371 582 439 specimen
608 369 802 427 sationis,
841 383 886 417 et
911 367 1128 416 insitionis
1153 367 1295 433 origo,
1697 388 1715 418 1
1731 373 1827 432 360

194 470 301 534 Ipsa
326 465 411 512 fuit
437 483 585 512 rerum
612 464 812 531 primum
839 465 1014 510 Natura
1040 460 1253 509 creatrix:

194 560 443 608 Arboribus
470 558 687 623 quoniam
711 558 858 605 baecae
883 555 1160 621 glandesque
1186 555 1367 603 caducae

194 653 488 719 Tempestiva
514 652 678 698 dabant
703 649 934 715 pullorum
960 648 1166 696 examina
1191 649 1357 697 subter.

197 747 336 795 Unde
364 747 498 793 etiam
524 744 721 792 lubitum
747 756 811 789 est
838 741 1010 808 stirpeis
1036 742 1303 790 conmittere
1329 744 1476 802 ramis,

196 843 255 888 Et
282 858 400 887 nova
426 838 635 885 defodere
662 837 708 884 in
734 851 896 883 terram
922 836 1116 901 virgulta
1142 856 1221 902 per
1247 854 1388 903 agros.
1702 856 1721 886 1
1736 842 1795 900 36
1805 857 1828 903 5

270 1028 383 1075 Inde
409 1025 541 1073 aliam
566 1039 700 1090 atque
727 1024 862 1070 aliam
887 1023 1111 1070 culturam
1136 1022 1279 1069 dulcis
1305 1023 1437 1088 agelli

197 1121 483 1176 Tentabant3
522 1118 785 1182 fructusque
812 1116 926 1163 feros
952 1133 1260 1163 mansuescere
1285 1118 1397 1164 terra

199 1216 455 1264 Cernebant
481 1212 775 1278 indulgendo,
815 1210 1070 1275 blandeque
1095 1210 1324 1258 colundo:

200 1315 346 1376 Inque
372 1309 465 1356 dies
492 1306 633 1372 magis
659 1306 706 1354 in
732 1319 935 1353 montem
963 1305 1205 1352 subcedere
1231 1305 1380 1371 sylvas

200 1405 452 1469 Cogebant,
492 1401 695 1466 infraque
722 1400 858 1447 situm
884 1399 1130 1446 concedere
1156 1398 1316 1446 cultis:
1705 1420 1835 1466 1370

201 1500 343 1554 Prata,
381 1495 518 1553 lacus,
557 1494 689 1550 rivos,
728 1507 913 1558 segetes,
952 1492 1194 1556 vinetaque
1220 1492 1334 1550 laeta,

202 1589 406 1637 Collibus
432 1602 475 1634 et
502 1586 671 1651 campis
698 1599 748 1632 ut
773 1585 986 1632 haberent
1009 1605 1019 1640 3
1057 1598 1192 1649 atque
1217 1584 1418 1633 olearum

202 1683 376 1731 Caerula
403 1681 681 1746 distinguens
706 1680 820 1726 inter
844 1679 976 1745 plaga
1001 1696 1174 1725 currere
1199 1693 1363 1744 posset,

204 1779 287 1824 Per
311 1758 526 1832 tumulosJ
565 1788 609 1821 et
635 1772 892 1830 convalleis‚
932 1791 1223 1838 camposque,
1262 1773 1457 1838 profusa.

206 1874 270 1918 Ut
296 1890 417 1919 nune
443 1888 533 1917 esse
560 1869 686 1916 vides
712 1868 835 1915 vario
861 1868 1067 1914 distincta
1092 1867 1245 1932 lepore
1707 1886 1831 1935 1375

206 1965 402 2022 Omnia3
439 1983 555 2029 quae,
595 1962 741 2029 pomis
767 1961 964 2010 intersita
989 1961 1211 2019 dulcibus,
1250 1976 1427 2021 ornant,

732 2156 1224 2174 Ξ

182 2237 246 2266 Ver.
267 2245 319 2271 140
322 2243 349 2272 5.
370 2234 446 2263 Each
454 2234 595 2262 barbarous
601 2233 720 2272 fruitage
729 2240 836 2262 sweeten
849 2232 906 2261 and
911 2232 968 2261 sub-
1048 2231 1114 2258 Ver.
1136 2240 1218 2265 1412.
1246 2231 1301 2260 The
1308 2232 1401 2271 purple
1414 2232 1492 2261 realm
1512 2234 1545 2272 qs
1552 2232 1630 2262 olives
1638 2234 1748 2272 ,·—-]
1773 2234 1836 2264 Pin.

299 2284 375 2321 dum]
401 2283 500 2312 Hence
514 2283 623 2321 Virgil:
1008 2280 1066 2314 dar,
1083 2280 1201 2319 Olymp.
1213 2281 1250 2309 iii.

180 2344 276 2382 Qare
286 2342 372 2380 agite,
386 2341 404 2369 ὃ
419 2341 544 2379 proprios
558 2340 708 2379 generatim
723 2341 819 2369 discite
830 2339 932 2375 cultus,
1320 2332 1479 2360 ——Joncu-

181 2389 336 2429 Agricolae,
350 2390 512 2427 fructusque
523 2389 594 2418 feros
608 2388 711 2418 mollite
722 2389 850 2418 colendo.
1202 2387 1294 2411 ’‘⁰94⁰“
1307 2387 1393 2412 *⁰5⁹⁰*
1408 2383 1492 2407 Ελαάς
1504 2385 1511 2404 ³

785 2439 867 2468 Gto.
879 2438 907 2466 ii.
918 2447 933 2474 3
939 2445 967 2476 5.
1165 2435 1229 2464 The
1244 2437 1383 2475 red-ray’d
1396 2437 1488 2466 world
1497 2437 1531 2466 of
1540 2437 1633 2466 olives.

183 2489 274 2518 Learn
288 2490 354 2519 then
363 2490 438 2518 what
453 2496 508 2519 arts
522 2490 589 2518 each
603 2490 717 2528 varying
728 2490 831 2528 species
845 2490 910 2523 suit,
1048 2492 1120 2521 This
1140 2504 1255 2534 passage
1277 2496 1298 2523 is
1313 2496 1387 2524 cited
1401 2497 1439 2533 by
1454 2495 1511 2524 Mr.
1526 2495 1696 2525 Wakefield.
1735 2492 1834 2524 Alcen-v

181 2535 252 2566 And
261 2543 345 2572 tame,
358 2538 395 2576 by
410 2537 550 2577 culturing
565 2537 637 2573 skill,
651 2538 699 2566 the
713 2547 812 2576 savage
826 2537 903 2565 fruit.
1008 2540 1064 2569 side
1079 2542 1154 2579 gives
1169 2553 1200 2572 us
1213 2554 1229 2572 a
1248 2544 1340 2582 nearly
1354 2543 1466 2582 parallel
1485 2544 1623 2584 painting,
1643 2544 1670 2574 in
1691 2543 1732 2573 hie
1746 2543 1832 2573 ΡΙΕἏΒ·

807 2588 969 2617 Sor-nani(-
1008 2587 1041 2617 of
1055 2589 1145 2627 Imag-
