1986 2795
123 118 173 157 62
635 109 720 151 DE
750 107 971 150 RERUM
1004 106 1267 148 NATURA.
1605 104 1708 146 Lm.
1730 106 1804 147 IV.

197 242 300 288 Nec
326 248 510 304 possunt
534 235 679 282 oculei
704 247 907 282 naturam
931 250 1110 280 noscere
1135 249 1297 278 rerum.

199 332 403 389 Proinde,
441 328 577 377 animi
602 327 766 375 vitium
790 325 918 374 hocc’
945 325 1085 373 oculis
1110 325 1337 389 adfingere
1360 323 1469 372 noli.

269 509 377 564 Qua
402 507 608 556 vehimur
632 504 752 562 navi,
790 503 940 560 fertur,
978 520 1120 567 quom
1143 514 1253 548 stare
1277 501 1482 558 videtur;

204 605 318 657 Quae
344 613 492 649 manet
517 599 562 646 in
586 597 787 654 statione,
823 614 875 643 ea
898 609 1054 661 praeter
1090 594 1282 641 creditur
1306 593 1396 641 ire:

203 705 262 750 Et
286 702 439 767 fugere
463 700 519 746 ad
543 697 735 764 puppim
759 696 908 753 colles,
944 694 1225 759 campeique‚
1263 671 1497 749 videntum.
1717 708 1812 753 390

204 798 333 850 Quos
357 793 528 859 agimus
558 804 714 857 praeter
737 807 915 846 navem,
953 787 1156 851 velisque
1181 785 1401 832 volamus.

276 889 424 936 Sidera
447 904 625 943 cessare,
663 883 848 932 aetheriis
881 882 1027 929 adfixa
1050 880 1263 938 cavernis,

213 986 392 1030 Cuncta
416 979 652 1032 videntur;
687 989 731 1023 et
757 974 940 1021 adsiduo
965 986 1068 1020 sunt
1092 972 1244 1019 omnia
1268 985 1424 1028 motu3

211 1071 592 1136 Quandoquidem
616 1070 772 1133 longos
797 1067 942 1114 obitus
967 1079 1117 1113 exorta
1140 1065 1352 1121 revisunt,

213 1168 368 1219 Quom
393 1179 623 1229 permensa
644 1178 725 1207 suo
749 1173 850 1207 sunt
875 1159 1045 1206 coelum
1070 1175 1253 1223 corpore
1278 1157 1427 1205 claro:
1725 1174 1817 1219 395

209 1256 377 1321 Solque
402 1253 495 1320 pari
518 1252 685 1300 ratione
709 1268 901 1307 manere,
939 1263 984 1296 et
1008 1249 1128 1305 luna,
1166 1248 1344 1294 videtur

215 1351 269 1395 In
293 1346 506 1401 statione3
544 1362 608 1401 ea,
646 1362 746 1407 quae
772 1341 871 1388 ferri
896 1359 960 1388 res
986 1340 1151 1387 indicat
1176 1340 1282 1405 ipsa.

285 1442 609 1501 Exstantesque
632 1434 790 1500 procul
816 1433 964 1481 medio
989 1433 1044 1479 de
1068 1432 1244 1496 gurgite
1268 1445 1456 1489 montes,

220 1532 441 1580 Class1bus
467 1530 578 1577 inter
602 1546 713 1593 quos
738 1528 847 1574 liber
874 1540 992 1592 patet
1016 1526 1185 1581 exitus;
1223 1525 1378 1589 ingens
1727 1541 1826 1585 400

222 1627 374 1676 Insula
398 1624 646 1690 conjunctis
671 1637 818 1670 tamen
844 1640 897 1669 ex
923 1621 1003 1668 hiis
1028 1639 1117 1667 una
1142 1620 1331 1667 videtur.

291 1717 419 1764 Atria
443 1715 619 1772 vorsari,
658 1728 702 1762 et
727 1714 1066 1761 circumcursare.
1092 1712 1328 1767 columnae,

225 1814 381 1876 Usque
406 1809 516 1856 adeo
541 1808 592 1854 fit
618 1808 709 1854 utei
734 1807 878 1872 pueris
903 1806 1150 1861 videantur,
1187 1804 1266 1851 ubi
1292 1803 1399 1869 ipsei

230 1903 473 1951 Desierunt
497 1900 627 1957 vorti,
666 1900 741 1946 vix
766 1913 816 1946 ut
833 1900 930 1963 jam
955 1900 1129 1946 credere
1155 1897 1335 1963 possint,

232 1996 345 2040 Non
370 2010 501 2057 supra
526 2009 617 2038 sese
643 2009 766 2037 ruere
792 1989 941 2036 omnia
966 2003 1080 2036 tecta
1105 1987 1275 2035 minari.
1737 2008 1834 2053 405

304 2087 495 2150 Jamque
521 2083 704 2130 rubrum
729 2082 926 2129 tremulis
943 2082 1077 2145 jubar
1100 2081 1276 2146 ignibus
1300 2079 1466 2144 erigere
1491 2081 1576 2127 alte

213 2286 271 2314 Ver
285 2293 318 2320 41
328 2293 352 2312 ῐ.
381 2283 431 2312 Th’
451 2281 598 2317 advancing
620 2279 683 2308 burk
703 2291 776 2307 seems
790 2286 814 2307 to
827 2278 867 2306 the
880 2289 950 2306 crew
963 2285 990 2306 at
1029 2278 1111 2306 vessel
1124 2278 1134 2306 ?
1153 2277 1226 2305 This
1239 2277 1300 2306 villa
1314 2279 1404 2306 which
1418 2285 1448 2307 to
1460 2289 1490 2307 us
1505 2289 1589 2308 seems
1602 2287 1632 2309 to
1646 2281 1681 2309 be
1695 2288 1722 2310 at
1738 2289 1801 2315 rest,
1815 2288 1849 2310 to·

329 2339 400 2364 τμη·
1031 2328 1109 2355 those
1132 2327 1194 2354 who
1209 2337 1252 2354 are
1266 2327 1291 2354 in
1307 2327 1367 2355 that
1382 2327 1464 2355 vessel
1483 2338 1596 2366 appears
1609 2336 1640 2357 to
1654 2330 1688 2358 be
1702 2331 1846 2368 moving.'’

295 2381 335 2408 At
349 2386 408 2411 rest,
422 2378 588 2414 advancing5
669 2376 684 2412 ]
720 2374 812 2406 Thus,
834 2374 943 2406 Cicero,
963 2383 992 2401 as
1032 2375 1088 2403 For
1111 2375 1158 2402 the
1179 2375 1289 2402 modern
1311 2375 1429 2403 solution
1450 2375 1483 2403 of
1500 2377 1554 2404 this
1574 2377 1696 2414 problem
1709 2386 1785 2413 upon
1800 2377 1847 2405 the

176 2431 236 2460 Mr.
261 2428 418 2457 Wakefield
441 2428 576 2459 observes,
606 2425 700 2454 Acad.
723 2423 752 2451 ii.
776 2433 831 2460 25:
873 2423 992 2450 Videsne
1031 2423 1163 2461 principle
1189 2423 1221 2450 of
1244 2423 1375 2460 dioptrics
1401 2434 1434 2451 or
1459 2424 1615 2459 rest-action,
1645 2435 1688 2453 see
1712 2424 1788 2454 Note
1811 2436 1849 2454 on

179 2489 272 2507 navem
286 2477 357 2505 illam
370 2477 380 2505 ?
401 2476 479 2504 Stare
501 2475 578 2503 nobis
596 2474 711 2505 videtur,
732 2480 760 2500 at
774 2473 814 2504 iis,
832 2472 878 2509 qui
892 2471 918 2499 in
933 2471 992 2498 navi
1032 2483 1057 2500 v.
1077 2482 1140 2507 144.
1154 2471 1187 2500 of
1198 2472 1244 2500 the
1257 2480 1364 2510 present
1381 2472 1474 2501 Book.

180 2533 254 2560 eunt,
273 2525 373 2554 moveri
393 2524 452 2553 haec
472 2523 543 2552 villa.
582 2527 600 2541 ‘⁶
616 2522 665 2551 Do
685 2531 742 2559 you
755 2521 876 2558 perceive
890 2519 993 2557 yonder
