1986 2795
170 95 225 138 46
694 92 780 134 DE
811 91 1033 134 RERUM
1065 91 1329 134 NATURA.
1651 92 1756 135 Lm.
1778 93 1853 135 IV·

244 223 389 288 Janua
412 237 553 285 quom
579 237 658 285 per
682 237 727 266 se
753 232 1074 284 transspectum
1099 219 1265 283 praebet
1289 229 1508 283 apertum,

245 313 396 360 Multa
421 313 614 379 facitque
640 312 743 360 foris
765 331 821 360 ex
846 312 1012 359 aedibus
1037 324 1088 358 ut
1112 311 1374 358 videantur:

248 412 291 456 Is
316 425 498 472 quoque
522 406 645 454 enim
669 405 839 471 duplici
863 405 1136 470 geminoque
1162 405 1215 451 fit
1239 406 1336 452 ae're
1360 404 1494 452 visus.
1596 431 1599 435 ·
1763 425 1821 472 27
1829 424 1856 469 5

246 498 418 546 Primus
442 498 564 545 enim
588 497 697 544 citra
720 496 883 562 posteis
907 495 1190 543 concernitur
1212 499 1316 552 ae‘r3

247 593 357 639 Inde
383 591 496 638 fores
522 591 626 656 ipsae
651 590 817 646 dextra,
857 589 1072 654 laevfique,
1110 601 1390 654 sequuntur:

248 689 352 733 Post
377 685 559 733 extraria
582 684 659 731 lux
684 683 838 731 oculos
864 682 1102 748 pertinget,
1140 695 1185 729 et
1203 686 1276 730 aer

245 780 390 837 Alter,
428 793 473 826 et
498 779 584 836 illa,
624 778 727 825 foris
752 774 853 842 quae
878 795 981 824 vere
1007 777 1386 843 transspiciuntur.

247 868 331 926 Sic,
370 868 447 915 ubi
473 887 517 916 se
541 867 739 933 primum
765 866 934 932 speculi
959 866 1146 931 projecit
1171 866 1334 931 imago,
1767 873 1862 919 280

248 965 376 1010 Dum
401 962 525 1009 venit
549 962 605 1008 ad
630 975 796 1008 nostras
821 960 948 1018 acies,
987 960 1195 1026 procudit
1219 960 1400 1025 agitque

246 1058 379 1112 Aera,
417 1054 495 1119 qui
521 1054 633 1101 inter
657 1072 702 1101 se
726 1072 958 1119 quomque
983 1067 1049 1100 est
1073 1053 1316 1119 oculosque
1342 1054 1539 1101 locatus:

251 1153 312 1195 Et
336 1147 455 1204 facit,
493 1160 544 1193 ut
569 1147 688 1212 prius
714 1147 836 1194 hunc
861 1164 1046 1194 omnem
1072 1145 1230 1193 sentire
1254 1164 1485 1210 queamUS‚

249 1240 401 1292 Quam
426 1238 691 1304 speculum:
719 1238 809 1295 sed,
831 1238 909 1285 ubi
928 1238 975 1285 in
993 1238 1233 1303 speculum
1257 1257 1440 1304 quoque
1458 1239 1673 1288 sensimus
1696 1240 1864 1308 ipsum,

252 1331 497 1388 Continuo,
535 1349 560 1376 a
585 1330 710 1377 nobis
736 1329 782 1376 in
805 1348 926 1386 eum,
964 1347 1065 1393 quae
1090 1328 1241 1386 fertur,
1280 1329 1430 1395 imago
1769 1338 1864 1396 285

252 1423 474 1481 Pervenit,
512 1441 562 1470 ac
589 1435 758 1470 nostros
783 1422 937 1470 oculos
962 1423 1122 1486 rejecta
1146 1422 1324 1470 revisit:

251 1521 407 1582 Atque
432 1515 571 1562 alium·
595 1532 687 1583 prae
711 1533 754 1561 se
779 1515 1033 1579 propellens
1058 1518 1156 1561 a'e'ra
1179 1515 1339 1574 volvit,

254 1613 312 1659 Et
338 1609 456 1667 facit,
494 1622 545 1655 ut
569 1608 688 1673 prius
713 1608 850 1666 hunc,
889 1626 1025 1672 quam
1052 1626 1111 1666 se,
1151 1608 1410 1658 videamus:
1449 1629 1594 1677 eoque

254 1703 430 1750 Distaie
455 1720 479 1747 a
503 1700 686 1765 speculo
712 1713 887 1746 tantum
913 1714 1081 1747 semota
1107 1700 1297 1749 videtur.

256 1796 362 1848 Qua
386 1811 431 1840 re
455 1791 589 1839 etiam
614 1805 748 1856 atque
773 1790 908 1838 etiam
934 1790 1136 1838 minume
1163 1791 1356 1838 mirarier
1379 1805 1445 1839 est
1468 1811 1547 1859 par
1776 1815 1873 1861 290

260 1887 371 1944 Illis,
409 1903 509 1950 quae
536 1884 728 1931 reddunt
752 1883 1037 1949 speculorum
1061 1902 1114 1931 ex
1140 1903 1315 1949 aequore
1340 1885 1488 1935 visum

262 1981 455 2030 Ae'ribus
479 1978 623 2037 binis3
660 1979 874 2045 quoniam
897 1997 965 2028 res
989 1980 1130 2028 confit
1154 1982 1356 2047 utraque,
