1986 2795
163 135 243 174 520
666 129 750 170 DE
780 128 1006 171 RERUM
1040 130 1306 172 NATURA.
1658 133 1762 176 Lm.
1783 135 1865 177 vr.

234 258 470 306 Finitumis
496 259 551 304 ad
576 276 621 305 se
646 260 872 307 convortit
896 257 1103 323 gentibus
1130 276 1203 304 ora
1224 279 1234 315 ;

235 353 428 401 Fumida
453 373 594 419 quom
621 354 726 401 coeli
753 354 989 402 scintillare
1015 353 1167 401 omnia
1191 354 1360 420 templa

240 453 500 506 Cernentes,
541 448 704 513 pavidzi
729 448 1000 514 conplebant
1026 461 1206 513 pectora
1230 450 1350 506 cura,
1571 469 1574 473 ·
1766 453 1863 511 645

230 543 362 597 -Quid
389 543 619 590 moliretur
640 562 791 590 rerum
820 546 992 590 Natura
1019 560 1253 590 novarum.

309 637 461 684 Hiisce
488 637 566 684 tibi
592 637 638 684 in
663 638 791 684 rebus
818 637 904 683 late
929 649 994 683 est
1019 635 1197 700 alteque
1224 635 1490 695 videndum,

241 735 301 779 Et
326 732 459 796 longe
484 745 665 778 cunctas
691 730 737 777 in
763 729 922 795 parteis
948 729 1311 794 despiciundum,

242 830 306 873 Ut
332 825 633 883 reminiscaris,
671 843 898 872 summam
922 843 1071 872 rerum
1096 843 1187 872 esse
1214 825 1502 891 profundam,

242 922 301 967 Et
326 919 491 976 videas,
524 918 701 965 coelum
727 921 923 965 summa'r'
950 918 1085 965 totius
1110 937 1258 967 unum
1456 911 1458 914 V
1769 922 1870 980 650

234 1015 395 1066 Quam
419 1012 473 1058 sit
497 1011 681 1077 parvola
704 1029 818 1076 pars,
856 1025 900 1057 et
926 1030 1062 1076 quam
1090 1012 1346 1059 multesima
1370 1025 1570 1060 constet:

242 1107 344 1153 Nec
369 1117 462 1150 tota
486 1121 599 1168 pars,
638 1103 777 1149 homo
802 1106 935 1149 terra’i'
956 1116 1098 1167 quota
1123 1103 1258 1151 totius
1282 1122 1415 1151 unus.

242 1194 380 1249 Quod
406 1194 520 1241 bene
546 1192 829 1258 propositum
854 1193 888 1239 si
914 1193 1047 1258 plane
1072 1207 1326 1252 contueare,

240 1293 313 1337 Ac
339 1288 489 1335 videas
513 1287 661 1353 plane,
700 1286 847 1334 mirari
873 1286 1016 1334 multa
1042 1286 1279 1353 relinquas.

308 1482 443 1527 Num
468 1478 567 1543 quis
593 1477 715 1524 enim
741 1476 941 1524 nostrum
969 1476 1164 1534 miratur,
1203 1477 1237 1524 si
1264 1478 1364 1542 quis
1388 1477 1436 1524 in
1461 1488 1578 1523 artus
1768 1480 1829 1537 65
1843 1494 1864 1537 5

234 1572 439 1639 Adcepit
464 1572 608 1619 calido
634 1571 794 1618 febrim
820 1572 992 1618 fervore
1017 1583 1231 1628 coortam,

240 1672 340 1715 Aut
363 1666 503 1714 alium
528 1684 667 1730 quem
692 1665 758 1711 vis
784 1666 929 1712 morbi
955 1684 1034 1731 per
1059 1664 1262 1713 membra
1285 1665 1522 1712 dolorem?

243 1757 531 1823 Obturgescit
560 1756 682 1803 enim
707 1756 854 1804 subito
878 1775 974 1823 pes,
1013 1756 1176 1823 adripit
1200 1773 1298 1803 acer

243 1856 368 1918 Saepe
393 1851 521 1897 dolor
545 1848 729 1907 denteis,
768 1850 922 1897 oculos
947 1849 1119 1897 invadit
1144 1848 1190 1895 in
1215 1847 1361 1913 ipsos;

242 1942 423 1990 Exsistit
448 1959 566 1989 sacer
590 1940 720 2006 ignis,
758 1954 803 1988 et
828 1940 929 1996 urit,
968 1957 1152 2005 corpore
1178 1955 1370 2004 serpens,
1718 1991 1719 1994 Ἴ
1763 1935 1865 1979 660

212 2145 365 2174 Armorum
381 2144 500 2172 sonitum
516 2151 577 2172 toto
594 2142 742 2172 Germania
756 2142 828 2171 coelo
1156 2140 1207 2167 One
1229 2146 1317 2177 system
1339 2137 1389 2167 sole
1412 2135 1488 2165 when
1510 2133 1577 2163 with
1600 2132 1638 2162 th’
1655 2132 1780 2161 Εκτῑιε
1803 2142 1868 2160 com-

211 2194 315 2223 Audiit
329 2206 336 2228 3
354 2193 471 2222 insolitis
487 2200 657 2221 tremuerunt
672 2193 792 2221 motibus
807 2191 907 2229 Alpes.
1187 2187 1289 2226 par'd]
1313 2187 1396 2215 Thus
1414 2184 1516 2213 Milton
1531 2194 1538 2212 ε

754 2241 882 2270 GEORG·
898 2240 916 2267 i·
931 2246 999 2276 474·
1076 2246 1170 2273 When
1188 2245 1201 2272 I
1217 2244 1318 2274 behold
1333 2244 1388 2273 this
1401 2241 1508 2282 goodly
1525 2240 1619 2273 frame,
1640 2239 1694 2267 this
1709 2237 1797 2265 world

190 2303 272 2331 How
285 2302 328 2331 oft
343 2312 382 2329 we
399 2301 507 2333 view'd,
521 2300 604 2338 along
619 2300 660 2328 th’
676 2310 793 2337 expanse
806 2298 907 2331 beIOW,
1077 2293 1121 2322 Of
1133 2293 1235 2321 heaven
1246 2293 1300 2321 and
1314 2291 1392 2320 earth
1406 2289 1569 2326 consisting,
1590 2287 1643 2315 and
1657 2292 1789 2338 compute

190 2351 275 2377 wide
290 2360 347 2378 seas
361 2349 394 2377 of
406 2348 452 2376 fire
467 2348 548 2376 down
565 2347 699 2375 shatter’d
717 2347 790 2375 Etna
807 2345 881 2378 flow,
1077 2342 1165 2371 Their
1179 2341 1353 2380 magnitudes
1367 2352 1375 2374 ς
1397 2339 1452 2368 this
1466 2337 1543 2367 earth
1558 2347 1573 2364 a
1587 2342 1661 2374 spot,
1683 2345 1698 2362 a
1712 2344 1800 2372 gram,

191 2398 287 2427 While
302 2399 398 2436 globes
412 2396 444 2425 of
457 2397 535 2425 flame
550 2397 597 2424 the
612 2396 659 2424 red
674 2395 787 2424 volcano
802 2396 900 2428 threw,
1076 2392 1127 2420 An
1142 2398 1217 2420 atom
1232 2391 1300 2419 with
1316 2391 1364 2419 the
1378 2390 1531 2418 firmament
1545 2384 1699 2423 compar'd,

192 2447 262 2475 And
276 2447 361 2476 fei-vid
373 2445 454 2475 rocks
468 2446 529 2474 that
543 2444 682 2483 lighttn’d
696 2455 724 2472 as
734 2444 804 2482 *they
819 2444 890 2472 flew.
1076 2441 1148 2479 And
1162 2440 1197 2469 all
1211 2440 1260 2469 her
1274 2439 1420 2468 number’d
1438 2444 1517 2470 stars,
1540 2437 1593 2463 &c-

834 2491 998 2519 Sornenv.
1536 2483 1612 2512 PAR.
1629 2481 1729 2515 Les-r,
1746 2479 1799 2508 viii.
1820 2485 1864 2516 15.

205 2578 276 2606 Ver.
293 2580 359 2614 672.
558 2579 700 2608 ——how
720 2579 803 2613 small,
824 2578 908 2617 rfiect
1078 2578 1144 2607 Ver.
1159 2578 1225 2613 683.
1385 2571 1504 2603 *ΜΕ
1517 2570 1648 2602 hallo‘w’d
1658 2566 1804 2606 eris‘Pelas]
