1986 2795
142 162 220 200 522
685 153 772 196 DE
801 153 1028 196 RERUM
1059 152 1327 196 NATURA.
1640 155 1746 198 Lm.
1767 155 1804 199 V
1809 157 1844 198 Ε.

213 286 602 348 Quamquomque
627 282 838 350 adripuit,
877 295 1066 348 partem,
1105 281 1311 348 repitque
1337 298 1418 347 per
1440 294 1589 339 artus;

213 376 464 433 Nimirum,
503 375 609 441 quia
633 388 737 424 sunt
762 375 1010 424 multarum
1036 373 1207 422 semina
1230 392 1410 432 rerum3

213 474 271 518 Et
296 470 396 518 satis
421 470 518 518 haec
544 470 674 517 tellus
701 469 860 527 morbi,
888 469 1167 533 coelumque,
1194 468 1301 515 mali
1328 468 1427 528 fert,

215 565 352 612 Unde
377 578 512 629 queat
539 564 605 611 vis
630 563 821 611 inmensi
846 580 1125 628 procrescere
1151 562 1310 609 morbi.

214 657 286 704 Sic
312 656 448 722 igitur
474 656 557 703 toti
583 656 716 712 coelo,
757 669 986 720 terraeque,
1026 655 1282 719 putandum
1307 669 1371 703 est
1752 660 1812 706 66
1819 676 1844 719 5

217 754 284 799 Ex
310 750 488 797 infinito
513 748 613 795 satis
639 748 791 796 omnia
815 748 1114 813 subpeditare,

219 845 354 891 Unde
380 856 564 909 repente
589 856 724 907 queat
750 842 881 889 tellus
906 860 1120 889 concussa
1145 842 1336 900 moveri,

218 939 390 1001 Perque
417 954 550 994 mare,
590 955 640 983 ac
666 949 814 993 terras,
852 934 1033 1001 rapidus
1060 953 1313 1000 percurrere
1339 935 1489 993 turbo,

219 1030 341 1094 Ignis
367 1029 593 1076 abundare
619 1032 843 1085 ffiknaeus,
883 1027 1189 1075 flammescere
1215 1028 1416 1084 coelum-3

219 1125 272 1172 Id
297 1141 480 1188 quoque
505 1122 628 1170 enim
653 1122 721 1180 fit,
760 1135 805 1169 et
830 1121 1065 1169 ardescunt
1092 1120 1291 1168 coelestia
1315 1121 1500 1187 templa.
1752 1127 1851 1186 670

221 1221 283 1267 Et
308 1230 594 1283 tempestates
618 1215 788 1282 pluviae
813 1215 1016 1280 graviore
1041 1228 1198 1262 coortu

220 1316 347 1370 Sunt,
385 1312 464 1359 ubi
489 1311 604 1359 forte
627 1309 688 1356 ita
711 1328 756 1357 se
782 1309 1028 1357 tetulerunt
1053 1308 1222 1356 semina
1246 1327 1485 1374 aquarumr

291 1505 356 1548 At
382 1500 514 1547 nimis
539 1513 604 1546 est
629 1500 786 1563 ingens
812 1499 1007 1546 incendii
1034 1499 1237 1547 turbidus
1265 1502 1392 1548 ardor
1410 1502 1424 1547 T

224 1594 414 1651 Scilicet,
453 1607 498 1640 et
523 1592 705 1648 fluvius,
745 1592 822 1657 qui
848 1592 983 1650 visus,
1024 1612 1260 1641 maxumus
1287 1594 1342 1649 ei,

224 1686 317 1740 Qui
345 1704 435 1733 non
461 1698 562 1731 ante
588 1684 786 1748 aliquem
813 1683 1029 1747 majorem
1054 1683 1198 1732 vidit:
1237 1700 1281 1732 et
1306 1686 1462 1751 ingens
1755 1693 1849 1750 675

224 1776 386 1833 Arbor,
426 1775 672 1840 homoque,
711 1773 918 1831 videtur3
956 1788 1001 1822 et
1027 1775 1192 1834 omnia,
1232 1777 1288 1824 de
1313 1795 1475 1842 genere
1501 1778 1641 1835 omni,

226 1873 443 1917 Maxuma
469 1888 569 1934 quae
594 1868 708 1915 vidit
733 1869 938 1934 quisque,
977 1870 1072 1917 haec
1098 1870 1296 1935 ingentia
1321 1871 1482 1937 fingit:

227 1967 384 2018 Quom
409 1978 560 2011 tamen
585 1962 736 2010 omnia
761 1982 868 2010 cum
894 1964 1028 2022 coelo,
1067 1967 1284 2030 terraique,
1323 1965 1543 2030 marique,

229 2057 359 2105 Nihil
386 2057 471 2104 sint
496 2057 550 2103 ad
577 2074 805 2104 summam
829 2060 1026 2104 summai
1051 2058 1186 2106 totius
1211 2078 1413 2107 omnem.

297 2152 441 2196 Nunc
466 2164 632 2206 tamen,
671 2149 746 2196 illa
771 2150 916 2197 modis
940 2151 1118 2216 quibus,
1158 2151 1332 2199 inritata
1358 2166 1554 2217 repente,
1755 2158 1854 2203 680

164 2360 193 2382 to
204 2353 303 2382 inform
315 2362 356 2386 us,
371 2352 432 2380 that
441 2352 510 2389 Ignis
519 2363 589 2380 sacer
604 2352 675 2380 malis
686 2352 808 2380 ulceribus
821 2352 990 2380 annumerari
1071 2349 1121 2378 See
1136 2361 1150 2378 a
1173 2362 1247 2380 more
1261 2353 1350 2390 ample
1365 2354 1531 2392 description
1543 2355 1570 2382 in
1581 2355 1628 2383 the
1639 2361 1748 2392 present
1762 2354 1857 2387 Book,

164 2407 256 2434 debet.
1032 2413 1056 2430 v·
1076 2404 1158 2431 1208.
1173 2402 1205 2431 of
1223 2403 1278 2431 this
1292 2403 1462 2432 translation.

204 2453 356 2481 Marchctti
371 2452 402 2485 is,
423 2462 451 2479 as
471 2451 559 2484 usual,
578 2458 684 2489 possest
698 2451 730 2479 of
742 2451 782 2480 far
796 2462 870 2481 more
885 2451 990 2489 fidelity

167 2501 232 2527 thou
247 2500 293 2527 the
312 2500 417 2527 French
432 2499 594 2527 translator:
1070 2500 1136 2529 Ver.
1156 2509 1221 2537 703.
1245 2500 1301 2529 The
1321 2500 1448 2528 boundl'ess
1469 2507 1579 2537 com-pass
1602 2501 1634 2537 os
1647 2499 1684 2528 th'
1712 2497 1858 2527 unbounded

481 2547 506 2576 ll
516 2549 660 2586 sagrosoco
674 2549 781 2586 insorge
1149 2548 1259 2585 whole]
1279 2549 1311 2576 In
1326 2548 1373 2576 the
1387 2548 1503 2586 original
1517 2555 1588 2582 text,

246 2597 272 2626 E
288 2598 430 2624 scorrendo
446 2597 500 2635 pe'l
518 2608 602 2635 corpo
617 2598 728 2626 ardente
743 2598 898 2637 qualunque

249 2646 328 2674 Parte
344 2644 465 2678 n’assale,
486 2655 500 2673 e
515 2656 562 2683 per
575 2645 599 2674 le
614 2646 734 2675 membra
749 2656 824 2684 serpe

1110 2622 1177 2630 —-
1187 2608 1221 2636 ad
1234 2619 1352 2637 summam
1367 2610 1476 2637 summa?
1487 2608 1573 2637 totius
1587 2617 1704 2636 omnem.

1708 2652 1773 2681 Ver.
1787 2652 1853 2689 679.
