1986 2795
163 118 242 154 408
712 106 798 147 DE
830 104 1053 146 RERUM
1087 104 1354 146 NATURA.
1681 105 1786 146 Lm.
1807 105 1858 148 V.

235 240 318 300 [In
344 255 387 283 se
415 235 550 281 fracta
575 251 656 280 suo
682 233 937 299 tinguentes
963 231 1179 296 sanguine
1206 231 1320 295 tela]

234 331 570 394 Permixtasque
597 329 762 376 dabant
786 327 1010 393 equitum,
1051 325 1366 391 peditumque,
1405 323 1565 373 ruinas.

235 428 361 473 Nam
388 438 635 472 transvorsa
660 423 775 471 feros
801 422 980 470 exibant
1006 419 1150 468 dentis
1176 420 1233 466 ad
1257 434 1380 469 actus

237 523 464 587 Jumenta,
504 532 579 565 aut
606 518 795 583 pedibus
822 530 980 564 ventos
1006 528 1151 563 erecta
1176 515 1418 580 petebant:
1743 533 1870 579 1330

238 613 596 678 Nequidquam3
636 610 852 676 quoniam
879 610 933 656 ab
959 609 1106 657 nervis
1131 608 1304 656 subcisa
1327 608 1500 656 videres

241 706 510 762 Concidere,
549 718 682 769 atque
708 703 833 769 gravi
860 717 1020 751 terram
1045 718 1327 750 consternere
1352 720 1470 751 casu.

241 799 285 847 Si
311 817 424 864 quos
450 812 552 845 ante
579 798 704 846 domi
730 797 924 845 domitos
950 797 1050 844 satis
1075 816 1168 845 esse
1193 798 1426 863 putabant,

243 899 555 946 chervescere
581 898 822 945 cernebant
848 897 893 945 in
920 897 1051 944 rebus
1076 897 1279 962 agundis,

245 992 530 1048 volneribus,
571 991 780 1048 clamore,
820 991 942 1056 fuga,
982 1004 1159 1048 terrore,
1199 990 1396 1038 tumultu
1417 1011 1427 1036 ε
1746 1010 1763 1039 1
1779 1010 1871 1054 335

244 1090 348 1135 Nec
374 1099 579 1152 poterant
603 1086 743 1132 ullam
773 1098 945 1149 partem
971 1085 1181 1132 reducere
1206 1103 1391 1141 eorum;

243 1179 526 1245 Diffugiebat
550 1178 673 1226 enim
699 1178 874 1226 varium
899 1196 1042 1244 genus
1068 1197 1204 1226 omne
1230 1178 1439 1237 ferarum,

246 1278 312 1320 Ut
338 1291 458 1320 nunc
484 1290 599 1337 saepe
625 1272 764 1319 boves
790 1274 943 1330 Lucae,
982 1271 1098 1320 ferro
1123 1272 1239 1320 male
1264 1286 1435 1330 mactae,

247 1366 524 1431 Diffugiunt,
564 1365 655 1412 fera
679 1365 796 1413 facta
819 1366 907 1412 suis
932 1384 1074 1430 quom
1100 1365 1243 1413 multa
1269 1365 1443 1413 dedere.

321 1460 364 1506 Si
390 1459 489 1516 fuit,
527 1473 579 1506 ut
605 1459 828 1506 facerent:
867 1461 945 1507 sed
969 1461 1045 1507 vix
1071 1462 1281 1519 adducor,
1320 1475 1372 1508 ut
1396 1476 1497 1509 ante
1752 1483 1881 1529 1340

252 1557 365 1602 Non
391 1552 584 1619 quierint
609 1553 761 1601 animo
788 1555 1054 1620 praesentire‚
1093 1569 1226 1620 atque
1252 1555 1418 1612 videre,

255 1649 409 1700 Quam
434 1663 661 1692 conrnune
688 1646 859 1693 malum
885 1646 1012 1694 fieret
1037 1647 1299 1713 fedumque,
1339 1648 1572 1697 futurum:

259 1744 320 1787 Et
346 1736 485 1802 magis
512 1736 556 1782 id
582 1737 718 1802 possis
746 1737 915 1786 factum
941 1741 1210 1788 contendere
1237 1741 1282 1789 in
1307 1741 1447 1799 omni,

230 1941 294 1970 Ver.
315 1942 395 1979 1360.
593 1941 691 1978 tinging
711 1939 777 1968 with
788 1939 854 1968 their
867 1939 942 1968 blood
1057 1941 1215 1971 Wakefield
1231 1942 1256 1970 in
1273 1943 1319 1972 the
1334 1954 1406 1973 same
1420 1946 1575 1974 sentiment.
1617 1947 1681 1976 The
1692 1959 1780 1978 verses
1799 1960 1843 1980 are
1857 1961 1885 1980 aa

308 1989 357 2017 Th’
381 1987 504 2016 unbroken
528 1989 600 2016 darts
684 1990 698 2025 ]
731 1989 817 2026 Upon
833 1989 922 2016 which
944 1998 1017 2016 verse
1056 1990 1172 2019 follow:

195 2037 310 2075 Bentley
322 2036 403 2065 refers
418 2047 449 2064 us
463 2045 492 2064 to
505 2037 551 2064 the
567 2036 709 2075 following
724 2036 757 2064 of
769 2036 859 2075 Virgil
872 2047 878 2064 :

1115 2041 1186 2069 Tela
1198 2041 1312 2071 infracta
1327 2054 1376 2072 suo
1387 2045 1543 2082 tinguentes
1558 2047 1688 2086 sanguine
1703 2048 1779 2076 saevei
1793 2060 1801 2082 3

235 2096 371 2124 Sternitur
385 2096 477 2124 infelix
494 2096 602 2128 Acron,
617 2105 643 2124 et
655 2097 776 2124 calcibus
791 2102 876 2124 atram
1120 2090 1172 2128 [Ill
1187 2100 1214 2119 se
1229 2091 1315 2121 fracta
1331 2103 1379 2122 suo
1395 2094 1553 2133 tinguentes
1567 2096 1698 2134 sanguine
1713 2096 1785 2134 tela]

234 2145 343 2173 Tundit
353 2146 465 2174 humum
479 2146 614 2183 expirans,
628 2147 788 2185 irgfmctaquc
797 2145 845 2174 tela
856 2152 978 2173 cruentat.
1715 2146 1781 2174 Ver.
1799 2149 1882 2182 1326.

822 2194 890 2222 AEN·
907 2205 933 2222 Χ·
954 2203 1018 2231 730·
1099 2209 1166 2237 Ver.
1186 2218 1268 2246 1372.
1465 2214 1623 2252 assrequent
1635 2225 1696 2242 now

236 2252 443 2290 Transpierc'd,
475 2254 521 2281 the
551 2255 689 2283 wretched
715 2254 813 2282 Acron
847 2253 946 2282 strikes
974 2253 1021 2280 the
1181 2259 1272 2287 Κίρρῃ
1295 2259 1335 2288 the
1350 2272 1435 2299 young
1448 2261 1560 2300 elephant
1573 2269 1598 2290 10
1613 2274 1683 2292 arms
1697 2264 1819 2302 Μηρώ]
1852 2265 1884 2292 In

354 2302 473 2339 ground,
1061 2307 1109 2334 the
1123 2306 1239 2344 original
1253 2308 1337 2336 thus:

240 2350 297 2380 ‘The
310 2350 400 2378 broken
414 2351 487 2379 darts
501 2351 668 2390 deep-tinging
682 2353 751 2380 from
766 2353 807 2380 his
824 2353 932 2381 wound.
1103 2363 1145 2391 Ut
1161 2374 1231 2390 nunc
1247 2374 1316 2401 gaepe
1328 2365 1411 2393 boves
1426 2365 1524 2399 Lucae‚
1545 2366 1616 2395 fen-0
1631 2367 1700 2396 male
1714 2375 1822 2402 macae,

240 2418 439 2452 Nevertheless‚
463 2420 497 2448 he
524 2431 618 2458 agrees
643 2422 709 2449 with
726 2421 888 2455 Lambinus,
911 2422 938 2449 in
959 2431 1024 2449 con·
1103 2411 1277 2450 Diffugiunt,
1292 2412 1348 2441 fem
1363 2413 1436 2442 faeta
1450 2415 1504 2443 θυῖε
1518 2426 1603 2454 quom
1618 2417 1704 2446 “mlta
1718 2418 1825 2447 dedere·

201 2466 306 2503 eciving
321 2468 389 2495 both
405 2468 451 2496 the
466 2477 574 2506 present
589 2471 642 2498 and
663 2470 710 2498 the
726 2471 891 2508 subsequent
905 2480 978 2498 verse
997 2471 1024 2498 in
1642 2495 1645 2499 -
1718 2466 1785 2495 ver·
1803 2467 1884 2506 1338.

202 2515 249 2542 the
277 2516 391 2553 original
411 2524 442 2544 to
469 2518 503 2546 be
527 2519 664 2556 spurious,
684 2519 738 2547 and
759 2520 779 2547 is
794 2519 889 2557 joined
909 2519 946 2557 by
968 2518 1026 2547 Mr.
1104 2519 1161 2548 Mr.
1187 2519 1345 2554 Wakefidd
1369 2521 1417 2550 has
1440 2521 1604 2560 sufficiently
1622 2524 1735 2560 proved,
1755 2524 1818 2552 that
1840 2523 1887 2553 the
