1986 2795
148 138 226 172 :550
674 121 757 163 DE
789 119 1012 162 RERUM
1046 116 1310 160 NATURA.
1629 115 1732 157 L113.
1754 115 1831 157 VI.

219 255 318 300 Sole
346 266 502 318 putant
528 251 676 297 subter
700 263 832 296 terras
858 247 1099 294 fervescere
1125 241 1301 309 partim,

221 350 327 395 Nox
355 345 430 393 ubi
456 342 635 391 terribili
661 357 820 389 terram
846 339 1032 405 caligine
1059 337 1195 384 texit:

221 441 357 494 Quod
384 438 514 486 nimis
539 456 562 484 a
587 439 690 484 versi
724 450 788 483 est
824 435 955 498 longe
991 431 1158 479 ratione
1197 442 1437 477 remotum.
1484 455 1487 459 ·

223 535 421 600 Quippe,
459 533 535 580 ubi
573 532 651 587 sol,
691 531 864 578 nudum
904 539 1178 574 contractans
1211 542 1373 590 corpus
1410 526 1559 588 aqua'i',
1590 577 1594 581 .

226 631 335 676 Non
374 626 534 691 quierit
570 624 764 671 calidum
802 623 957 686 superii
990 621 1045 667 de
1083 619 1263 666 reddere
1301 630 1439 683 parte,
1742 620 1836 678 855

228 723 382 772 Quom
411 736 619 783 superum
658 716 809 762 lumen
845 728 969 761 tanto
1007 714 1179 761 fervore
1217 712 1415 758 fruatur:

229 815 319 866 Qui
345 826 477 876 queat
502 811 588 867 hic,
627 811 775 856 subter
800 823 890 855 tam
916 826 1058 855 crasso
1082 825 1267 873 corpore
1305 820 1480 863 terram,

230 909 501 969 Percoquere
535 904 785 959 humorem,
824 917 868 950 et
893 903 1038 949 calido
1074 901 1237 948 sociare
1262 902 1463 966 vapore?

231 996 486 1052 Praesertim,
525 1014 665 1060 quom
692 995 766 1042 vix
791 995 928 1060 possit
956 1013 1032 1060 per
1056 1008 1192 1058 saepta
1217 994 1457 1040 domorum

233 1090 455 1137 Insinuare
481 1107 612 1135 suum
637 1088 764 1135 radiis
802 1088 1056 1135 ardentibus
1083 1089 1274 1134 aestum?
1749 1088 1846 1133 860

298 1186 411 1236 Quae
444 1182 552 1229 ratio
588 1196 651 1229 est
688 1181 858 1246 igitur?
900 1180 1147 1238 Nimirum,
1186 1194 1296 1227 terra
1323 1179 1465 1244 magis
1492 1179 1618 1244 quod

233 1279 347 1323 Rara
372 1288 492 1322 tenet
517 1274 684 1321 circum
711 1273 901 1330 funtem,
940 1291 1077 1338 quam
1102 1287 1257 1320 caetera
1282 1273 1444 1328 tellus;

235 1369 470 1432 Multaque
496 1382 597 1414 sunt
623 1366 735 1432 ignis
762 1385 902 1433 prope
928 1367 1096 1414 semina
1120 1385 1281 1432 corpus
1307 1368 1456 1431 aquai'.

238 1464 353 1518 Hoc,
391 1462 466 1508 ubi
496 1461 679 1508 roriferis
705 1475 863 1509 terram
889 1480 976 1508 nox
1002 1461 1150 1508 obruit
1174 1461 1357 1518 umbris,

242 1557 307 1600 Ex
334 1553 505 1617 templo
531 1553 682 1599 subtus
710 1553 902 1618 frigescit
927 1567 1052 1610 terra,
1090 1553 1299 1618 coitque:
1755 1555 1849 1612 865

242 1648 339 1692 Hac
364 1646 529 1692 ratione
555 1646 620 1702 fir,
659 1660 724 1704 ut,
764 1661 993 1712 tamquam
1020 1665 1254 1712 conpressa
1278 1665 1413 1694 manu
1437 1647 1506 1702 sit,

244 1739 470 1803 Exprimat
496 1739 539 1785 in
567 1739 755 1796 funtem,
795 1759 894 1805 quse
919 1741 1087 1788 semina
1111 1759 1343 1806 quomque
1368 1741 1501 1788 habet
1527 1739 1669 1805 ignis;

245 1833 356 1883 Quae
382 1831 575 1877 calidum
603 1831 770 1878 faciunt
795 1833 932 1879 laticis
958 1848 1142 1891 tactum,
1180 1848 1314 1899 atque
1341 1851 1569 1899 vaporem.

247 1924 370 1979 Inde,
411 1923 485 1969 ubi
511 1924 575 1969 sol
602 1924 726 1971 radiis
752 1939 910 1972 terram
936 1926 1127 1974 dimovit
1151 1927 1330 1985 obortis,

249 2019 305 2062 Et
334 2015 542 2070 rarefecit,
582 2017 724 2063 calido
752 2017 962 2065 miscente
989 2037 1184 2083 vapore3
1763 2024 1860 2084 870

254 2113 422 2155 Rursus
451 2106 494 2152 in
519 2107 718 2172 antiquas
743 2110 928 2157 redeunt
953 2110 1193 2176 primordia
1219 2114 1340 2160 sedes

184 2314 235 2341 and
257 2313 326 2345 lires,
347 2313 406 2340 that
429 2313 493 2349 they
511 2323 579 2341 sccm
599 2322 628 2341 to
650 2315 727 2343 elude
748 2316 782 2344 all
803 2318 956 2356 possibility
970 2319 1003 2348 of

188 2361 355 2398 satisfactory
367 2361 538 2399 explanation
552 2373 623 2399 upon
636 2374 687 2400 any
699 2365 805 2403 theory.
848 2367 940 2396 There
952 2379 1001 2396 can

187 2412 220 2438 be
235 2421 269 2438 no
284 2411 369 2438 doubt
385 2410 444 2437 that
460 2410 524 2447 they
537 2421 579 2439 are
594 2412 619 2438 in
632 2413 738 2450 general
754 2415 892 2451 produced
907 2417 942 2454 by
955 2416 1003 2444 the

189 2457 380 2485 inflammation
396 2457 428 2485 of
439 2459 620 2487 combustible
640 2461 814 2491 substances:
837 2464 888 2491 but
903 2464 950 2492 the
966 2474 1005 2492 re-

192 2505 307 2543 gularity
329 2505 360 2534 of
378 2507 448 2534 their
468 2507 641 2537 alternations
662 2509 687 2536 in
709 2520 782 2538 some
801 2521 883 2545 cases,
905 2513 957 2541 and
977 2513 1009 2542 of

1036 2319 1107 2347 their
1122 2322 1262 2359 perpetual
1278 2323 1339 2351 flow
1356 2324 1381 2352 in
1397 2327 1500 2359 others,
1521 2333 1625 2355 creatcs
1639 2335 1653 2354 a
1667 2324 1802 2363 difficulty
1816 2325 1864 2352 be·

1038 2368 1112 2405 yond
1125 2367 1171 2396 the
1187 2380 1291 2406 powers
1306 2371 1339 2399 os
1350 2373 1515 2413 philosophy
1527 2381 1557 2402 to
1572 2374 1684 2402 resolve.
1725 2374 1752 2401 It
1767 2373 1788 2401 is
1800 2381 1863 2409 very

1040 2418 1254 2455 extraordinary,
1275 2420 1335 2448 that
1350 2422 1397 2450 the
1412 2424 1447 2451 ice
1459 2423 1486 2450 in
1501 2423 1548 2450 the
1559 2422 1713 2451 celebrated
1728 2431 1822 2450 cavern
1833 2419 1868 2448 of

1042 2464 1233 2500 Gracc-Dieu,
1248 2467 1270 2495 is
1284 2469 1410 2505 plentiful
1425 2472 1477 2499 and
1487 2471 1555 2500 solid
1567 2471 1668 2510 during
1679 2471 1726 2499 the
1737 2480 1864 2502 summer,

1042 2514 1095 2542 and
1109 2514 1206 2544 almost
1222 2517 1324 2554 wholly
1339 2521 1441 2548 wasttd
1462 2521 1488 2548 in
1503 2520 1551 2549 the
1565 2520 1780 2549 winter-season.
1820 2517 1864 2547 M·
