1986 2795
181 141 262 179 210
718 131 804 173 DE
836 130 1060 172 RERUM
1094 128 1362 171 NATURA.
1678 128 1782 170 Lm.
1806 128 1882 170 IV.

257 262 490 310 Deteriore
515 261 568 308 fit
593 274 643 307 ut
669 259 812 307 form&
839 258 1102 307 muliercula
1125 270 1328 304 ametur:

259 360 386 405 Nam
412 355 517 402 facit
543 354 637 420 ipsa
662 354 749 401 suis
775 353 1002 401 interdum
1028 350 1196 398 femina
1221 350 1362 407 factis,

262 449 588 515 Morigerisque
617 448 774 505 modis,
811 461 856 495 et
880 447 1054 494 mundo
1078 462 1264 510 corpore
1288 443 1425 502 culta,

263 548 332 593 Ut
359 544 486 592 facile
513 543 731 591 insuescat
756 560 910 589 secum
935 540 1003 587 vir
1028 540 1189 604 degere
1214 538 1372 586 vitam.

336 732 475 786 Quod
500 749 634 797 super
658 744 738 788 est,
777 728 1059 776 consuetudo
1084 727 1324 775 concinnat
1349 745 1578 776 amorem:

269 829 407 884 Nam,
446 825 604 872 leviter
627 841 766 888 quarn
791 821 874 880 vis,
913 822 1038 887 quod
1063 821 1217 868 crebro
1243 822 1447 869 tunditur
1471 822 1579 881 ictu,

266 921 476 968 Vincitur
502 918 546 965 id
571 918 711 983 longo
737 917 882 983 spatio
906 930 1072 974 tamen,
1111 929 1245 981 atque
1271 915 1471 964 labascit.

270 1019 440 1064 Nonne
465 1014 605 1071 vides,
643 1012 780 1060 etiam
803 1025 967 1078 guttas,
1007 1011 1053 1059 in
1078 1030 1178 1058 saxa
1203 1011 1441 1069 cadenteis,

268 1107 489 1157 Huinoris
515 1107 653 1171 longo
678 1105 725 1154 in
750 1107 894 1172 spatio
917 1105 1186 1172 pertundere
1213 1108 1347 1153 saxa?
1768 1127 1786 1157 1
1801 1112 1898 1159 280

243 1408 357 1437 Adeon’
369 1416 451 1444 porro
462 1405 612 1443 ingratum,
623 1410 671 1432 aut
682 1403 873 1435 inhumanum,
885 1409 933 1431 aut
944 1401 1032 1430 ferum
1072 1399 1144 1429 from
1161 1400 1244 1429 Book
1261 1401 1285 1429 Ι.
1299 1402 1367 1439 356.
1388 1401 1414 1430 in
1439 1402 1486 1431 the
1502 1402 1578 1432 Note
1596 1413 1631 1431 on
1649 1402 1739 1432 which
1758 1413 1831 1432 verse
1853 1404 1901 1434 the

244 1458 286 1486 Ut
301 1467 388 1495 neque
403 1467 444 1484 me
459 1454 614 1488 consuetudo,
628 1464 715 1492 neque
729 1464 812 1486 amor,
826 1462 914 1490 neque
930 1452 1020 1490 pudor
1073 1449 1167 1477 render
1178 1449 1233 1477 will
1247 1457 1318 1478 meet
1333 1450 1401 1478 with
1417 1461 1431 1478 a
1446 1451 1549 1489 variety
1563 1450 1597 1479 of
1607 1451 1734 1479 allusions
1748 1452 1801 1479 and
1816 1452 1903 1489 paral-

245 1507 436 1538 Conmovcat?
780 1503 886 1532 Anna.
904 1503 927 1531 Ι.
943 1513 968 1530 v,
984 1511 1033 1538 44,
1073 1497 1108 1526 lel
1120 1498 1232 1538 images.
1275 1499 1288 1527 I
1304 1506 1404 1527 cannot
1419 1499 1537 1533 forbezm
1558 1501 1694 1533 however,
1709 1501 1840 1539 inserting
1854 1502 1905 1530 the

264 1568 375 1596 ΗΕΞΜΞ5
390 1567 465 1595 there
480 1576 495 1594 a
509 1565 586 1594 beart
602 1576 631 1593 ΕΟ
645 1565 800 1597 ὺᾶὼ,ωυ5’
816 1574 845 1592 30
860 1572 994 1602 perverse,
1075 1546 1218 1586 following
1233 1557 1347 1585 passage
1362 1547 1432 1575 from
1448 1548 1618 1587 Propertius,
1633 1548 1659 1576 in
1674 1549 1796 1577 addition
1811 1556 1841 1577 to
1856 1549 1904 1577 the

265 1618 344 1646 That
358 1617 482 1650 mildam,
497 1615 575 1648 habit,
590 1615 646 1644 love
659 1625 709 1643 can
730 1624 809 1643 never
823 1621 895 1643 tame
908 1613 918 1641 ?
1077 1599 1192 1628 ”umber
1207 1598 1315 1636 already
1330 1598 1403 1626 05th
1417 1609 1424 1627 ²

1116 1659 1171 1688 sed
1186 1666 1277 1687 tamen
1291 1659 1422 1687 obsistam
1436 1670 1443 1687 z
1465 1660 1557 1687 teritur
1570 1659 1695 1698 rubigine
1710 1670 1805 1688 mucro

252 1718 316 1746 Ver.
337 1725 420 1754 1354.
456 1715 528 1744 Hast
541 1713 599 1743 thou
616 1722 657 1743 not
669 1726 722 1743 seen
737 1713 777 1742 the
781 1713 930 1752 fountain's
936 1712 1036 1750 falling
1116 1709 1241 1743 Ferreus,
1263 1715 1288 1736 et
1299 1715 1388 1747 parvo
1402 1719 1472 1747 saepe
1486 1708 1582 1746 liquore
1596 1709 1668 1737 silex.
1854 1745 1859 1750 .

365 1764 459 1802 drops]
496 1762 568 1791 This
591 1761 725 1792 beautiful
749 1760 834 1790 simile
858 1760 880 1789 is
907 1760 1037 1798 repeated
1746 1758 1775 1786 ii.
1796 1768 1840 1797 19.
1859 1769 1904 1797 35.
