1986 2795
209 113 260 151 58
726 106 811 148 DE
841 106 1064 148 RERUM
1095 105 1360 148 NATURA.
1687 104 1792 146 Lm.
1814 103 1888 148 IV.

281 234 451 282 Possint
477 233 668 281 ullarum
693 250 855 291 rerum,
894 246 1111 290 contecta,
1150 231 1338 280 moveri.

346 328 682 392 Quadratasque
707 327 864 392 procul
889 326 1042 373 turreis
1067 343 1209 390 quom
1233 323 1456 372 cernimus
1481 323 1614 380 urbis,

281 421 516 483 Propterea
540 418 608 475 fit,
645 417 737 463 utei
762 416 998 463 videantur
1022 434 1137 481 saepe
1161 416 1378 474 rotundae,
1797 431 1822 476 3
1831 428 1857 475 5
1865 429 1896 473 5

279 511 491 575 Angulus
516 511 700 557 obtusus
724 509 829 574 quia
852 509 986 573 longe
1012 507 1205 555 cernitur
1229 507 1376 555 omnis

281 603 382 649 Sive
408 602 543 650 etiam
566 601 715 667 potius
740 619 830 647 non
856 600 1065 658 cernitur,
1103 618 1153 646 ae
1177 598 1291 664 perit
1315 599 1409 663 ejus

282 696 430 760 Plaga,
469 713 551 742 nec
577 695 632 741 ad
657 708 823 741 nostras
848 693 960 740 acies
985 692 1226 758 perlabitur
1251 692 1393 748 ictus;

283 790 403 834 Aera
427 804 506 851 per
532 785 727 832 multum
751 784 856 848 quia
881 784 990 830 dum
1016 783 1249 830 simulacra
1273 781 1488 839 feruntur,

282 879 419 943 Cogit
443 879 677 925 hebescere
701 894 808 923 eum
833 875 992 923 crebris
1018 874 1276 922 obfensibus
1300 877 1389 920 a'e‘r.

281 975 399 1029 Hoc,
436 971 514 1018 ubi
539 970 739 1034 subfugit
765 987 942 1016 sensum
968 968 1101 1015 simul
1126 967 1316 1031 angulus
1341 966 1500 1024 omnis,

282 1066 368 1118 Fit,
406 1063 529 1128 quasi
554 1076 604 1109 ut
629 1062 685 1107 ad
709 1075 891 1107 tornum
916 1078 1120 1107 saxorum
1145 1073 1309 1106 structa
1333 1072 1542 1106 tuantur:

282 1158 394 1203 Non
419 1168 586 1210 tamen,
623 1166 672 1199 ut
698 1169 848 1198 coram
869 1169 970 1215 quae
996 1162 1113 1205 sunt,
1152 1165 1346 1212 vereque
1371 1147 1590 1203 rotunda3

283 1248 369 1295 Sed
393 1246 516 1312 quasi
542 1243 840 1291 adumbratim
865 1242 1070 1308 paullum
1095 1240 1284 1287 similata
1308 1239 1531 1286 videntur.

350 1339 525 1385 Umbra
548 1337 726 1384 videtur
750 1336 858 1382 item
883 1333 1010 1382 nobis
1035 1333 1080 1380 in
1106 1333 1196 1380 sole
1222 1331 1407 1388 moveri,
1798 1335 1892 1394 365

285 1435 342 1478 Et
367 1429 553 1494 vestigia
578 1443 724 1475 nostra
748 1428 888 1492 sequi,
924 1439 1192 1491 gestumque
1218 1423 1408 1480 imitari3

284 1526 404 1569 Ae'ra
428 1521 461 1567 si
487 1519 641 1577 credis,
680 1519 906 1584 privatum
932 1517 1116 1573 lumine,
1155 1533 1284 1581 posse

286 1612 544 1677 Indugredi,
583 1625 730 1659 motus
756 1610 1010 1666 hominum,
1048 1622 1332 1673 gestumque,
1371 1620 1632 1672 sequentem
1655 1627 1666 1654 ε

285 1707 411 1751 Nam
436 1703 545 1750 nihil
570 1720 662 1749 esse
687 1715 833 1767 potest
857 1700 992 1757 aliud,
1031 1698 1112 1746 nisi
1138 1698 1308 1745 lumine
1334 1715 1478 1744 cassus

288 1800 394 1852 A'e'r‚
434 1795 493 1852 id,
531 1794 656 1858 quod
680 1812 759 1840 nos
785 1793 991 1839 umbram
1017 1791 1245 1856 perhibere
1271 1792 1467 1837 suemus·
1805 1805 1900 1851 370

288 1886 536 1941 Nimirum,
575 1883 680 1948 quia
704 1898 815 1930 terra
839 1882 945 1929 locis
971 1899 1024 1927 ex
1049 1879 1202 1926 ordine
1227 1877 1355 1924 certis

263 2100 326 2128 Vtr.
346 2105 410 2135 372.
430 2097 459 2124 V
458 2097 510 2124 icw
520 2106 570 2132 yon
584 2105 677 2132 square
690 2100 794 2125 turreis,
814 2099 863 2123 too,
883 2088 939 2117 that
954 2088 1046 2125 guard

338 2157 384 2174 our
397 2144 477 2180 stare]
501 2143 565 2170 The
580 2141 753 2179 explanation
774 2139 807 2168 of
825 2139 880 2167 this
894 2137 1043 2166 additional

220 2195 345 2235 problem
366 2195 388 2221 is
406 2190 556 2228 extremely
570 2190 723 2227 ingenious,
744 2198 818 2226 upon
833 2187 880 2214 the
900 2185 1044 2223 principles

223 2244 256 2273 of
276 2243 323 2271 the
352 2241 450 2277 theory
482 2238 636 2267 contended
660 2236 704 2265 for
726 2237 753 2264 in
777 2237 824 2264 the
849 2244 941 2272 poem.
980 2233 1045 2260 The

223 2290 347 2329 example
369 2287 495 2316 adduced
514 2287 536 2315 is
554 2287 619 2314 thus
637 2285 747 2323 copied,
766 2286 817 2314 but
839 2283 980 2321 inversely,
1007 2284 1044 2320 by

225 2338 368 2369 Petronius
380 2348 388 2366 2

301 2396 408 2426 Fauant
423 2406 472 2424 nos
486 2394 569 2428 oculi,
589 2393 706 2432 vagique
721 2402 813 2420 sensus

300 2443 440 2482 Oppressit
453 2444 557 2471 ratione
571 2442 757 2469 mentiuntur:

301 2492 375 2520 Nam
389 2492 493 2525 tun-ris,
514 2500 600 2529 prope
614 2500 674 2528 quae
689 2489 822 2527 quadrata
836 2489 933 2527 surgit,

302 2538 418 2568 Attritis
431 2538 528 2576 procul
542 2537 648 2576 angulis
663 2543 778 2566 rotatur.

1121 2086 1183 2114 Our
1197 2085 1281 2112 vision
1295 2085 1389 2113 cheats
1403 2095 1445 2119 us,
1466 2084 1518 2112 and
1533 2085 1600 2112 each
1614 2084 1748 2123 rambling
1762 2094 1839 2113 sense

1160 2133 1236 2166 Lies,
1267 2133 1346 2160 when
1377 2133 1424 2162 the
1458 2132 1534 2160 mind
1566 2133 1604 2170 by
1633 2133 1723 2171 abject
1755 2133 1848 2161 chains
1881 2133 1903 2162 is

1238 2180 1353 2208 bound:

1123 2228 1186 2256 The
1199 2236 1285 2256 tower
1298 2229 1360 2256 that
1371 2237 1468 2266 square
1479 2238 1520 2255 we
1533 2227 1589 2256 find
1599 2228 1676 2256 when
1689 2237 1753 2256 near
1763 2237 1804 2262 us,
1816 2227 1902 2257 hence

1163 2277 1245 2305 With
1256 2277 1394 2315 sosteuing
1404 2277 1507 2315 angles,
1518 2287 1613 2310 seems,
1627 2284 1656 2305 at
1666 2277 1798 2311 distance,
1806 2276 1904 2306 round.

1085 2333 1118 2361 11.
1133 2333 1188 2362 like
1199 2344 1319 2367 manner,
1341 2334 1473 2372 Pelignac
1487 2344 1495 2361 z

1277 2391 1351 2418 oculi
1366 2390 1487 2418 referunt
1501 2400 1622 2428 persaepe
1635 2390 1784 2418 rotundum

1161 2439 1249 2477 Quod
1263 2449 1290 2466 re
1305 2439 1468 2476 quadratum
1480 2438 1555 2466 vera.

1164 2488 1236 2516 Cum
1250 2488 1364 2526 propius
1377 2497 1472 2518 venere
1487 2494 1589 2520 tamen,
1603 2495 1659 2514 sese
1671 2484 1790 2523 explicat
1803 2495 1886 2515 error.

1548 2534 1757 2565 Anu-Luca.
1769 2535 1825 2564 VI.
1839 2545 1905 2575 350·
