1986 2795
184 106 238 143 30
702 102 787 144 DE
821 101 1043 145 RERUM
1076 102 1342 146 NATURA.
1672 105 1778 148 Lm.
1799 105 1873 147 lv.

261 227 424 285 Scindi,
465 246 600 292 quam
626 227 832 276 meminit
859 228 995 278 laevot
1020 244 1221 296 praestare
1247 229 1450 278 salutem.

261 324 546 386 Quapropter
572 321 638 378 fit,
679 335 727 368 ut
752 321 856 369 hinc
882 322 1008 370 nobis
1034 322 1267 370 simulacra
1298 323 1548 370 redundent
1570 343 1581 370 z

261 418 334 472 Et,
372 433 510 480 quam
535 415 601 462 vis
627 416 788 472 subito,
826 434 918 481 quo
944 416 1009 463 vis
1037 416 1080 464 in
1107 430 1325 481 tempore,
1365 435 1604 481 quamque*

262 511 382 555 Rem
407 521 560 555 contra
584 509 819 573 speculum
846 527 998 573 ponas,
1038 510 1218 574 adparet
1244 508 1392 574 imago
1414 529 1424 556 ε

263 602 486 666 Perpetuo
511 600 648 647 fluere
674 614 724 646 ut
751 619 905 648 noscas
930 619 954 648 e
980 619 1164 666 corpore
1190 619 1369 648 summo

262 696 479 740 Texturas
506 711 653 739 rerum
678 693 864 749 tenueis,
904 693 1166 757 tenueisque
1191 693 1369 757 figuras,

264 791 383 852 Ergo
408 786 551 833 multa
574 787 698 832 brevi
723 785 866 850 spatio
891 785 1124 832 simulacra
1149 801 1377 850 geruntur,

264 884 329 927 Ut
356 880 513 927 merito
538 879 653 926 celer
677 878 760 925 hiis
786 879 914 925 rebus
940 878 1110 925 dicatur
1135 879 1274 944 origo.

266 975 342 1028 Et,
380 970 504 1035 quasi
530 969 672 1017 multa
695 969 819 1015 brevi
845 970 988 1034 spatio
1013 969 1272 1016 submittere
1299 970 1429 1017 debet

266 1063 462 1112 Lumina
486 1063 565 1120 sol,
605 1075 654 1109 ut
679 1076 899 1127 perpetuo
924 1061 1010 1108 sint
1035 1062 1186 1109 omnia
1210 1063 1342 1128 plena
1362 1083 1373 1110 ε

267 1159 336 1206 Sic
361 1158 416 1205 ab
441 1158 570 1205 rebus
595 1156 704 1203 item
729 1155 860 1202 simili
886 1155 1069 1212 ratione,
1108 1173 1284 1202 necesse
1317 1169 1396 1213 est,

272 1250 514 1316 Temporis
539 1248 585 1296 in
611 1261 783 1314 puncto
807 1266 955 1296 rerum
979 1248 1213 1295 simulacra
1238 1248 1431 1296 ferantur

268 1344 418 1391 Multa
442 1342 587 1390 modis
613 1341 764 1389 multis
790 1341 836 1389 in
861 1355 1042 1389 cunctas
1069 1341 1268 1406 undique
1294 1341 1452 1407 parteis
1474 1361 1484 1388 :

269 1437 667 1502 Quandoquidem,
695 1436 931 1501 speculum
955 1453 1281 1501 quoquomque
1306 1435 1585 1482 obvortimus
1611 1438 1711 1497 oris,

272 1535 363 1579 Res
388 1530 449 1576 ibi
472 1529 742 1595 respondent
766 1529 899 1576 simili
924 1529 1080 1585 forma,
1119 1543 1252 1594 atque
1277 1529 1440 1576 colore.

342 1627 568 1680 Praeterea,
606 1622 744 1670 modo
768 1641 911 1687 quom
936 1622 1068 1670 fuerit
1093 1621 1384 1687 liquidissima
1408 1623 1510 1669 coeli

268 1719 549 1781 Tempestas,
588 1733 666 1780 per
691 1733 828 1780 quam
853 1715 999 1761 subito
1024 1715 1077 1761 fit
1103 1715 1277 1761 turbida
1311 1715 1411 1762 fede

273 1810 502 1874 Undique,
530 1808 621 1856 utei
647 1809 848 1856 tenebras
874 1809 1044 1856 omneis
1071 1810 1335 1857 Acherunta
1358 1810 1486 1857 rearis

276 1903 494 1968 Liquisse,
532 1916 577 1950 et
602 1920 783 1967 magnas
809 1902 913 1949 coeli
939 1903 1167 1968 conplesse
1193 1921 1414 1950 cavernas.

276 2000 432 2060 Usque
458 1997 582 2052 adeo,
621 1997 731 2041 tetra
756 1995 1013 2042 nimborum
1038 2009 1169 2042 nocte
1194 1996 1362 2054 coorta,

281 2087 535 2152 Inpendent
561 2100 662 2132 atrae
686 2086 950 2133 Formidinis
976 2105 1050 2133 ora
1075 2106 1263 2153 superne
1284 2108 1295 2135 ε

279 2183 488 2235 Quorum
513 2178 728 2244 quantula
750 2196 847 2243 pars
879 2178 934 2225 sit
959 2178 1122 2244 imago,
1149 2181 1294 2228 dicere
1318 2199 1454 2228 nemo
1478 2196 1541 2229 est

281 2274 376 2329 Qui
399 2273 550 2339 possit,
589 2290 735 2337 neque
760 2291 860 2319 eam
884 2273 1101 2321 rationem
1125 2276 1306 2323 reddere
1330 2275 1472 2322 dictis.

353 2367 492 2413 Nunc
517 2381 613 2429 age,
651 2381 789 2428 quam
813 2363 944 2410 celeri
970 2378 1097 2411 motu
1123 2365 1355 2413 simulacra
1378 2366 1587 2424 ferantur,

286 2460 347 2506 Et
370 2475 470 2522 quae
495 2455 718 2504 mobilitas
742 2456 855 2514 ollis,
892 2456 1164 2504 tranantibus
1195 2476 1332 2517 auras,

1785 344 1874 388 ¹55

1786 795 1877 838 160

1788 1258 1877 1316 165

1792 1735 1885 1779 170

1794 2200 1885 2246 175
