<?xml version="1.0" encoding="UTF-8"?>
<!DOCTYPE html PUBLIC "-//W3C//DTD XHTML 1.0 Transitional//EN"
    "http://www.w3.org/TR/xhtml1/DTD/xhtml1-transitional.dtd">
<html xmlns="http://www.w3.org/1999/xhtml" xml:lang="en" lang="en">
 <head>
  <title>
</title>
<meta http-equiv="Content-Type" content="text/html;charset=utf-8" />
  <meta name='ocr-system' content='tesseract 3.04.00' />
  <meta name='ocr-capabilities' content='ocr_page ocr_carea ocr_par ocr_line ocrx_word'/>
</head>
<body>
  <div class='ocr_page' id='page_1' title='image "./natureofthingsdi02lucr_0382.png"; bbox 0 0 1986 2795; ppageno 0'>
   <div class='ocr_carea' id='block_1_1' title="bbox 203 154 282 195">
    <p class='ocr_par' dir='ltr' id='par_1_1' title="bbox 203 154 282 195">
     <span class='ocr_line' id='line_1_1' title="bbox 203 154 282 195; baseline -0.025 0"><span class='ocrx_word' id='word_1_1' title='bbox 203 154 282 195; x_wconf 83' lang='lat'>368</span> 
     </span>
    </p>
   </div>
   <div class='ocr_carea' id='block_1_2' title="bbox 730 150 1372 193">
    <p class='ocr_par' dir='ltr' id='par_1_2' title="bbox 730 150 1372 193">
     <span class='ocr_line' id='line_1_2' title="bbox 730 150 1372 193; baseline -0.002 0"><span class='ocrx_word' id='word_1_2' title='bbox 730 151 813 193; x_wconf 90' lang='lat' dir='ltr'>DE</span> <span class='ocrx_word' id='word_1_3' title='bbox 848 150 1071 193; x_wconf 87' lang='lat' dir='ltr'><strong>RERUM</strong></span> <span class='ocrx_word' id='word_1_4' title='bbox 1104 150 1372 193; x_wconf 86' lang='lat' dir='ltr'>NATURA.</span> 
     </span>
    </p>
   </div>
   <div class='ocr_carea' id='block_1_3' title="bbox 1717 152 1893 196">
    <p class='ocr_par' dir='ltr' id='par_1_3' title="bbox 1717 152 1893 196">
     <span class='ocr_line' id='line_1_3' title="bbox 1717 152 1893 196; baseline 0.011 -2"><span class='ocrx_word' id='word_1_5' title='bbox 1717 152 1821 194; x_wconf 78' lang='lat' dir='ltr'>Lm.</span> <span class='ocrx_word' id='word_1_6' title='bbox 1843 154 1893 196; x_wconf 90' lang='lat' dir='ltr'>V.</span> 
     </span>
    </p>
   </div>
   <div class='ocr_carea' id='block_1_4' title="bbox 277 278 1532 343">
    <p class='ocr_par' dir='ltr' id='par_1_4' title="bbox 277 278 1532 343">
     <span class='ocr_line' id='line_1_4' title="bbox 277 278 1532 343; baseline 0.002 -19"><span class='ocrx_word' id='word_1_7' title='bbox 277 278 494 343; x_wconf 89' lang='lat' dir='ltr'>Desipere</span> <span class='ocrx_word' id='word_1_8' title='bbox 518 290 610 325; x_wconf 88' lang='lat' dir='ltr'>est:</span> <span class='ocrx_word' id='word_1_9' title='bbox 650 296 755 326; x_wconf 88' lang='lat' dir='ltr'>nam</span> <span class='ocrx_word' id='word_1_10' title='bbox 779 296 896 343; x_wconf 89' lang='lat' dir='ltr'>quur</span> <span class='ocrx_word' id='word_1_11' title='bbox 920 278 993 325; x_wconf 91' lang='lat' dir='ltr'>hic</span> <span class='ocrx_word' id='word_1_12' title='bbox 1018 291 1168 343; x_wconf 89' lang='lat' dir='ltr'>posset</span> <span class='ocrx_word' id='word_1_13' title='bbox 1193 289 1355 324; x_wconf 86' lang='lat' dir='ltr'>cuncta</span> <span class='ocrx_word' id='word_1_14' title='bbox 1380 290 1532 326; x_wconf 87' lang='lat' dir='ltr'>notare</span> 
     </span>
    </p>
   </div>
   <div class='ocr_carea' id='block_1_5' title="bbox 276 369 1368 435">
    <p class='ocr_par' dir='ltr' id='par_1_5' title="bbox 276 369 1368 435">
     <span class='ocr_line' id='line_1_5' title="bbox 276 369 1368 435; baseline 0.001 -18"><span class='ocrx_word' id='word_1_15' title='bbox 276 370 493 427; x_wconf 87' lang='lat' dir='ltr'>Vocibus,</span> <span class='ocrx_word' id='word_1_16' title='bbox 532 384 576 418; x_wconf 89' lang='lat' dir='ltr'>et</span> <span class='ocrx_word' id='word_1_17' title='bbox 601 371 743 418; x_wconf 85' lang='lat' dir='ltr'>varios</span> <span class='ocrx_word' id='word_1_18' title='bbox 769 371 936 418; x_wconf 86' lang='lat' dir='ltr'>sonitus</span> <span class='ocrx_word' id='word_1_19' title='bbox 961 371 1164 419; x_wconf 83' lang='lat' dir='ltr'>emittere</span> <span class='ocrx_word' id='word_1_20' title='bbox 1189 369 1368 435; x_wconf 86' lang='lat' dir='ltr'>linguae,</span> 
     </span>
    </p>
   </div>
   <div class='ocr_carea' id='block_1_6' title="bbox 275 461 1620 530">
    <p class='ocr_par' dir='ltr' id='par_1_6' title="bbox 275 461 1620 530">
     <span class='ocr_line' id='line_1_6' title="bbox 275 461 1620 530; baseline -0.001 -18"><span class='ocrx_word' id='word_1_21' title='bbox 275 467 506 530; x_wconf 84' lang='lat' dir='ltr'>Tempore</span> <span class='ocrx_word' id='word_1_22' title='bbox 531 464 691 511; x_wconf 88' lang='lat' dir='ltr'>eodem</span> <span class='ocrx_word' id='word_1_23' title='bbox 718 463 815 511; x_wconf 81' lang='lat' dir='ltr'>aliei</span> <span class='ocrx_word' id='word_1_24' title='bbox 842 463 983 511; x_wconf 85' lang='lat' dir='ltr'>facere</span> <span class='ocrx_word' id='word_1_25' title='bbox 1009 463 1054 510; x_wconf 91' lang='lat' dir='ltr'>id</span> <span class='ocrx_word' id='word_1_26' title='bbox 1079 480 1169 510; x_wconf 84' lang='lat' dir='ltr'>non</span> <span class='ocrx_word' id='word_1_27' title='bbox 1194 462 1342 527; x_wconf 88' lang='lat' dir='ltr'>quisse</span> <span class='ocrx_word' id='word_1_28' title='bbox 1367 461 1583 530; x_wconf 79' lang='lat' dir='ltr'>putentur</span> <span class='ocrx_word' id='word_1_29' title='bbox 1604 467 1620 511; x_wconf 90' lang='lat'>?</span> 
     </span>
    </p>
   </div>
   <div class='ocr_carea' id='block_1_7' title="bbox 278 557 1358 624">
    <p class='ocr_par' dir='ltr' id='par_1_7' title="bbox 278 557 1358 624">
     <span class='ocr_line' id='line_1_7' title="bbox 278 557 1358 624; baseline -0.003 -17"><span class='ocrx_word' id='word_1_30' title='bbox 278 563 504 617; x_wconf 81' lang='lat' dir='ltr'>Praeterea,</span> <span class='ocrx_word' id='word_1_31' title='bbox 543 561 575 607; x_wconf 88' lang='lat' dir='ltr'>si</span> <span class='ocrx_word' id='word_1_32' title='bbox 603 579 695 607; x_wconf 85' lang='lat' dir='ltr'>non</span> <span class='ocrx_word' id='word_1_33' title='bbox 721 559 818 606; x_wconf 87' lang='lat' dir='ltr'>aliei</span> <span class='ocrx_word' id='word_1_34' title='bbox 844 576 1027 624; x_wconf 85' lang='lat' dir='ltr'>quoque</span> <span class='ocrx_word' id='word_1_35' title='bbox 1052 557 1240 604; x_wconf 86' lang='lat' dir='ltr'>vocibus</span> <span class='ocrx_word' id='word_1_36' title='bbox 1265 557 1358 605; x_wconf 89' lang='lat' dir='ltr'>usei</span> 
     </span>
    </p>
   </div>
   <div class='ocr_carea' id='block_1_8' title="bbox 1769 576 1893 622">
    <p class='ocr_par' dir='ltr' id='par_1_8' title="bbox 1769 576 1893 622">
     <span class='ocr_line' id='line_1_8' title="bbox 1769 576 1893 622; baseline 0.016 -2"><span class='ocrx_word' id='word_1_37' title='bbox 1769 576 1893 622; x_wconf 85' lang='lat'>1045</span> 
     </span>
    </p>
   </div>
   <div class='ocr_carea' id='block_1_9' title="bbox 278 651 1324 710">
    <p class='ocr_par' dir='ltr' id='par_1_9' title="bbox 278 651 1324 710">
     <span class='ocr_line' id='line_1_9' title="bbox 278 651 1324 710; baseline -0.003 -9"><span class='ocrx_word' id='word_1_38' title='bbox 278 657 398 701; x_wconf 84' lang='lat' dir='ltr'>Inter</span> <span class='ocrx_word' id='word_1_39' title='bbox 423 672 467 701; x_wconf 86' lang='lat' dir='ltr'>se</span> <span class='ocrx_word' id='word_1_40' title='bbox 493 654 680 710; x_wconf 78' lang='lat' dir='ltr'>fuerant,</span> <span class='ocrx_word' id='word_1_41' title='bbox 720 653 840 700; x_wconf 81' lang='lat' dir='ltr'>unde</span> <span class='ocrx_word' id='word_1_42' title='bbox 867 652 994 699; x_wconf 86' lang='lat' dir='ltr'>insita</span> <span class='ocrx_word' id='word_1_43' title='bbox 1020 651 1197 699; x_wconf 88' lang='lat' dir='ltr'>notities</span> <span class='ocrx_word' id='word_1_44' title='bbox 1223 664 1288 699; x_wconf 88' lang='lat' dir='ltr'>est</span> <span class='ocrx_word' id='word_1_45' title='bbox 1309 655 1324 698; x_wconf 86' lang='lat'>?</span> 
     </span>
    </p>
   </div>
   <div class='ocr_carea' id='block_1_10' title="bbox 278 744 1537 810">
    <p class='ocr_par' dir='ltr' id='par_1_10' title="bbox 278 744 1537 810">
     <span class='ocr_line' id='line_1_10' title="bbox 278 744 1537 810; baseline -0.002 -17"><span class='ocrx_word' id='word_1_46' title='bbox 278 747 455 794; x_wconf 81' lang='lat' dir='ltr'>Utilitas</span> <span class='ocrx_word' id='word_1_47' title='bbox 482 747 630 803; x_wconf 80' lang='lat' dir='ltr'>etiarn,</span> <span class='ocrx_word' id='word_1_48' title='bbox 670 747 791 793; x_wconf 88' lang='lat' dir='ltr'>unde</span> <span class='ocrx_word' id='word_1_49' title='bbox 817 747 918 792; x_wconf 82' lang='lat' dir='ltr'>data</span> <span class='ocrx_word' id='word_1_50' title='bbox 941 759 1006 793; x_wconf 87' lang='lat' dir='ltr'>est</span> <span class='ocrx_word' id='word_1_51' title='bbox 1030 745 1136 792; x_wconf 90' lang='lat' dir='ltr'>huic</span> <span class='ocrx_word' id='word_1_52' title='bbox 1160 744 1304 810; x_wconf 83' lang='lat' dir='ltr'>prima</span> <span class='ocrx_word' id='word_1_53' title='bbox 1328 759 1537 810; x_wconf 86' lang='lat' dir='ltr'>potestas,</span> 
     </span>
    </p>
   </div>
   <div class='ocr_carea' id='block_1_11' title="bbox 278 835 1516 903">
    <p class='ocr_par' dir='ltr' id='par_1_11' title="bbox 278 835 1516 903">
     <span class='ocr_line' id='line_1_11' title="bbox 278 835 1516 903; baseline -0.002 -16"><span class='ocrx_word' id='word_1_54' title='bbox 278 841 401 894; x_wconf 85' lang='lat' dir='ltr'>Quid</span> <span class='ocrx_word' id='word_1_55' title='bbox 428 841 564 887; x_wconf 87' lang='lat' dir='ltr'>vellet</span> <span class='ocrx_word' id='word_1_56' title='bbox 590 840 746 897; x_wconf 84' lang='lat' dir='ltr'>facere,</span> <span class='ocrx_word' id='word_1_57' title='bbox 785 854 835 886; x_wconf 89' lang='lat' dir='ltr'>ut</span> <span class='ocrx_word' id='word_1_58' title='bbox 859 835 1002 897; x_wconf 79' lang='lat' dir='ltr'>sciret,</span> <span class='ocrx_word' id='word_1_59' title='bbox 1041 838 1283 903; x_wconf 87' lang='lat' dir='ltr'>animoque</span> <span class='ocrx_word' id='word_1_60' title='bbox 1307 838 1479 886; x_wconf 90' lang='lat' dir='ltr'>videret</span> <span class='ocrx_word' id='word_1_61' title='bbox 1500 841 1516 885; x_wconf 82' lang='lat'>?</span> 
     </span>
    </p>
   </div>
   <div class='ocr_carea' id='block_1_12' title="bbox 277 931 1429 999">
    <p class='ocr_par' dir='ltr' id='par_1_12' title="bbox 277 931 1429 999">
     <span class='ocr_line' id='line_1_12' title="bbox 277 931 1429 999; baseline -0.003 -19"><span class='ocrx_word' id='word_1_62' title='bbox 277 937 451 998; x_wconf 85' lang='lat' dir='ltr'>Cogere</span> <span class='ocrx_word' id='word_1_63' title='bbox 478 933 585 980; x_wconf 88' lang='lat' dir='ltr'>item</span> <span class='ocrx_word' id='word_1_64' title='bbox 613 932 777 999; x_wconf 85' lang='lat' dir='ltr'>plureis</span> <span class='ocrx_word' id='word_1_65' title='bbox 803 950 933 989; x_wconf 85' lang='lat' dir='ltr'>unus,</span> <span class='ocrx_word' id='word_1_66' title='bbox 973 931 1207 995; x_wconf 80' lang='lat' dir='ltr'>victosque</span> <span class='ocrx_word' id='word_1_67' title='bbox 1232 931 1429 988; x_wconf 85' lang='lat' dir='ltr'>domare,</span> 
     </span>
    </p>
   </div>
   <div class='ocr_carea' id='block_1_13' title="bbox 276 1023 1567 1091">
    <p class='ocr_par' dir='ltr' id='par_1_13' title="bbox 276 1023 1567 1091">
     <span class='ocr_line' id='line_1_13' title="bbox 276 1023 1567 1091; baseline -0.002 -18"><span class='ocrx_word' id='word_1_68' title='bbox 276 1029 388 1073; x_wconf 88' lang='lat' dir='ltr'>Non</span> <span class='ocrx_word' id='word_1_69' title='bbox 414 1040 600 1091; x_wconf 82' lang='lat' dir='ltr'>poterat,</span> <span class='ocrx_word' id='word_1_70' title='bbox 639 1043 786 1072; x_wconf 88' lang='lat' dir='ltr'>rerum</span> <span class='ocrx_word' id='word_1_71' title='bbox 812 1038 863 1071; x_wconf 84' lang='lat' dir='ltr'>ut</span> <span class='ocrx_word' id='word_1_72' title='bbox 887 1024 1133 1090; x_wconf 83' lang='lat' dir='ltr'>perdiscere</span> <span class='ocrx_word' id='word_1_73' title='bbox 1159 1023 1344 1071; x_wconf 84' lang='lat' dir='ltr'>nomina</span> <span class='ocrx_word' id='word_1_74' title='bbox 1368 1024 1567 1071; x_wconf 85' lang='lat' dir='ltr'>vellent:</span> 
     </span>
    </p>
   </div>
   <div class='ocr_carea' id='block_1_14' title="bbox 1770 1045 1898 1089">
    <p class='ocr_par' dir='ltr' id='par_1_14' title="bbox 1770 1045 1898 1089">
     <span class='ocr_line' id='line_1_14' title="bbox 1770 1045 1898 1089; baseline 0.016 -15"><span class='ocrx_word' id='word_1_75' title='bbox 1770 1045 1898 1089; x_wconf 89' lang='lat'>1050</span> 
     </span>
    </p>
   </div>
   <div class='ocr_carea' id='block_1_15' title="bbox 275 1116 1377 1181">
    <p class='ocr_par' dir='ltr' id='par_1_15' title="bbox 275 1116 1377 1181">
     <span class='ocr_line' id='line_1_15' title="bbox 275 1116 1377 1181; baseline -0.005 -14"><span class='ocrx_word' id='word_1_76' title='bbox 275 1123 378 1167; x_wconf 88' lang='lat' dir='ltr'>Nec</span> <span class='ocrx_word' id='word_1_77' title='bbox 404 1120 571 1166; x_wconf 79' lang='lat' dir='ltr'>ratione</span> <span class='ocrx_word' id='word_1_78' title='bbox 597 1119 756 1165; x_wconf 88' lang='lat' dir='ltr'>docere</span> <span class='ocrx_word' id='word_1_79' title='bbox 782 1116 888 1173; x_wconf 60' lang='lat' dir='ltr'>ulla,</span> <span class='ocrx_word' id='word_1_80' title='bbox 923 1118 1197 1181; x_wconf 86' lang='lat' dir='ltr'>suadereque</span> <span class='ocrx_word' id='word_1_81' title='bbox 1222 1117 1377 1174; x_wconf 87' lang='lat' dir='ltr'>surdis,</span> 
     </span>
    </p>
   </div>
   <div class='ocr_carea' id='block_1_16' title="bbox 275 1210 1608 1278">
    <p class='ocr_par' dir='ltr' id='par_1_16' title="bbox 275 1210 1608 1278">
     <span class='ocr_line' id='line_1_16' title="bbox 275 1210 1608 1278; baseline -0.002 -18"><span class='ocrx_word' id='word_1_82' title='bbox 275 1213 400 1266; x_wconf 83' lang='lat' dir='ltr'>Quid</span> <span class='ocrx_word' id='word_1_83' title='bbox 426 1213 480 1260; x_wconf 86' lang='lat' dir='ltr'>sit</span> <span class='ocrx_word' id='word_1_84' title='bbox 504 1231 617 1278; x_wconf 87' lang='lat' dir='ltr'>opus</span> <span class='ocrx_word' id='word_1_85' title='bbox 645 1212 791 1267; x_wconf 83' lang='lat' dir='ltr'>facto;</span> <span class='ocrx_word' id='word_1_86' title='bbox 829 1210 979 1258; x_wconf 81' lang='lat' dir='ltr'>faciles</span> <span class='ocrx_word' id='word_1_87' title='bbox 1003 1228 1152 1276; x_wconf 89' lang='lat' dir='ltr'>neque</span> <span class='ocrx_word' id='word_1_88' title='bbox 1177 1210 1298 1257; x_wconf 88' lang='lat' dir='ltr'>enim</span> <span class='ocrx_word' id='word_1_89' title='bbox 1325 1223 1608 1276; x_wconf 85' lang='lat' dir='ltr'>paterentur:</span> 
     </span>
    </p>
   </div>
   <div class='ocr_carea' id='block_1_17' title="bbox 275 1301 1378 1369">
    <p class='ocr_par' dir='ltr' id='par_1_17' title="bbox 275 1301 1378 1369">
     <span class='ocr_line' id='line_1_17' title="bbox 275 1301 1378 1369; baseline -0.004 -17"><span class='ocrx_word' id='word_1_90' title='bbox 275 1307 379 1352; x_wconf 91' lang='lat' dir='ltr'>Nec</span> <span class='ocrx_word' id='word_1_91' title='bbox 404 1304 572 1352; x_wconf 86' lang='lat' dir='ltr'>ratione</span> <span class='ocrx_word' id='word_1_92' title='bbox 596 1303 685 1350; x_wconf 66' lang='lat' dir='ltr'>ulla</span> <span class='ocrx_word' id='word_1_93' title='bbox 710 1303 791 1350; x_wconf 87' lang='lat' dir='ltr'>sibi</span> <span class='ocrx_word' id='word_1_94' title='bbox 817 1302 980 1350; x_wconf 86' lang='lat' dir='ltr'>ferrent</span> <span class='ocrx_word' id='word_1_95' title='bbox 1006 1302 1198 1369; x_wconf 83' lang='lat' dir='ltr'>amplius</span> <span class='ocrx_word' id='word_1_96' title='bbox 1223 1301 1378 1349; x_wconf 78' lang='lat' dir='ltr'>aureis</span> 
     </span>
    </p>
   </div>
   <div class='ocr_carea' id='block_1_18' title="bbox 276 1395 1327 1444">
    <p class='ocr_par' dir='ltr' id='par_1_18' title="bbox 276 1395 1327 1444">
     <span class='ocr_line' id='line_1_18' title="bbox 276 1395 1327 1444; baseline -0.004 0"><span class='ocrx_word' id='word_1_97' title='bbox 276 1397 414 1444; x_wconf 89' lang='lat' dir='ltr'>Vocis</span> <span class='ocrx_word' id='word_1_98' title='bbox 440 1397 661 1444; x_wconf 84' lang='lat' dir='ltr'>inauditos</span> <span class='ocrx_word' id='word_1_99' title='bbox 687 1396 855 1443; x_wconf 84' lang='lat' dir='ltr'>sonitus</span> <span class='ocrx_word' id='word_1_100' title='bbox 881 1395 1130 1443; x_wconf 89' lang='lat' dir='ltr'>obtundere</span> <span class='ocrx_word' id='word_1_101' title='bbox 1156 1395 1327 1441; x_wconf 87' lang='lat' dir='ltr'>frustra.</span> 
     </span>
    </p>
   </div>
   <div class='ocr_carea' id='block_1_19' title="bbox 350 1482 1631 1548">
    <p class='ocr_par' dir='ltr' id='par_1_19' title="bbox 350 1482 1631 1548">
     <span class='ocr_line' id='line_1_19' title="bbox 350 1482 1631 1548; baseline 0.001 -17"><span class='ocrx_word' id='word_1_102' title='bbox 350 1487 595 1540; x_wconf 81' lang='lat' dir='ltr'>Postremo,</span> <span class='ocrx_word' id='word_1_103' title='bbox 633 1483 743 1548; x_wconf 84' lang='lat' dir='ltr'>quid</span> <span class='ocrx_word' id='word_1_104' title='bbox 770 1484 814 1531; x_wconf 86' lang='lat' dir='ltr'>in</span> <span class='ocrx_word' id='word_1_105' title='bbox 839 1484 922 1530; x_wconf 85' lang='lat' dir='ltr'>hac</span> <span class='ocrx_word' id='word_1_106' title='bbox 948 1482 1148 1530; x_wconf 85' lang='lat' dir='ltr'>mirabile</span> <span class='ocrx_word' id='word_1_107' title='bbox 1174 1496 1298 1528; x_wconf 84' lang='lat' dir='ltr'>tanto</span> <span class='ocrx_word' id='word_1_108' title='bbox 1323 1500 1457 1547; x_wconf 86' lang='lat' dir='ltr'>opere</span> <span class='ocrx_word' id='word_1_109' title='bbox 1481 1497 1546 1531; x_wconf 90' lang='lat' dir='ltr'>est</span> <span class='ocrx_word' id='word_1_110' title='bbox 1571 1503 1631 1543; x_wconf 90' lang='lat' dir='ltr'>re,</span> 
     </span>
    </p>
   </div>
   <div class='ocr_carea' id='block_1_20' title="bbox 1768 1505 1894 1550">
    <p class='ocr_par' dir='ltr' id='par_1_20' title="bbox 1768 1505 1894 1550">
     <span class='ocr_line' id='line_1_20' title="bbox 1768 1505 1894 1550; baseline -0.008 -14"><span class='ocrx_word' id='word_1_111' title='bbox 1768 1505 1894 1550; x_wconf 80' lang='lat'>1055</span> 
     </span>
    </p>
   </div>
   <div class='ocr_carea' id='block_1_21' title="bbox 279 1576 1521 1643">
    <p class='ocr_par' dir='ltr' id='par_1_21' title="bbox 279 1576 1521 1643">
     <span class='ocr_line' id='line_1_21' title="bbox 279 1576 1521 1643; baseline -0.001 -18"><span class='ocrx_word' id='word_1_112' title='bbox 279 1579 320 1625; x_wconf 85' lang='lat' dir='ltr'>Si</span> <span class='ocrx_word' id='word_1_113' title='bbox 346 1596 488 1643; x_wconf 82' lang='lat' dir='ltr'>genus</span> <span class='ocrx_word' id='word_1_114' title='bbox 513 1578 779 1634; x_wconf 78' lang='lat' dir='ltr'>humanum,</span> <span class='ocrx_word' id='word_1_115' title='bbox 818 1578 891 1625; x_wconf 90' lang='lat' dir='ltr'>cui</span> <span class='ocrx_word' id='word_1_116' title='bbox 917 1595 1021 1634; x_wconf 82' lang='lat' dir='ltr'>vox,</span> <span class='ocrx_word' id='word_1_117' title='bbox 1060 1590 1104 1623; x_wconf 89' lang='lat' dir='ltr'>et</span> <span class='ocrx_word' id='word_1_118' title='bbox 1129 1576 1296 1641; x_wconf 87' lang='lat' dir='ltr'>lingua,</span> <span class='ocrx_word' id='word_1_119' title='bbox 1335 1576 1521 1642; x_wconf 84' lang='lat' dir='ltr'>vigeret,</span> 
     </span>
    </p>
   </div>
   <div class='ocr_carea' id='block_1_22' title="bbox 280 1670 1286 1723">
    <p class='ocr_par' dir='ltr' id='par_1_22' title="bbox 280 1670 1286 1723">
     <span class='ocr_line' id='line_1_22' title="bbox 280 1670 1286 1723; baseline -0.005 -4"><span class='ocrx_word' id='word_1_120' title='bbox 280 1675 364 1719; x_wconf 90' lang='lat' dir='ltr'>Pro</span> <span class='ocrx_word' id='word_1_121' title='bbox 390 1672 512 1718; x_wconf 80' lang='lat' dir='ltr'>vario</span> <span class='ocrx_word' id='word_1_122' title='bbox 537 1689 664 1717; x_wconf 84' lang='lat' dir='ltr'>sensu</span> <span class='ocrx_word' id='word_1_123' title='bbox 691 1670 829 1717; x_wconf 83' lang='lat' dir='ltr'>varias</span> <span class='ocrx_word' id='word_1_124' title='bbox 854 1689 919 1718; x_wconf 88' lang='lat' dir='ltr'>res</span> <span class='ocrx_word' id='word_1_125' title='bbox 945 1687 1057 1716; x_wconf 88' lang='lat' dir='ltr'>voce</span> <span class='ocrx_word' id='word_1_126' title='bbox 1083 1682 1254 1717; x_wconf 84' lang='lat' dir='ltr'>notaret</span> <span class='ocrx_word' id='word_1_127' title='bbox 1275 1689 1286 1723; x_wconf 74' lang='grc' dir='ltr'><strong>ς</strong></span> 
     </span>
    </p>
   </div>
   <div class='ocr_carea' id='block_1_23' title="bbox 281 1756 1597 1823">
    <p class='ocr_par' dir='ltr' id='par_1_23' title="bbox 281 1756 1597 1823">
     <span class='ocr_line' id='line_1_23' title="bbox 281 1756 1597 1823; baseline 0.002 -22"><span class='ocrx_word' id='word_1_128' title='bbox 281 1760 436 1810; x_wconf 80' lang='lat' dir='ltr'>Quom</span> <span class='ocrx_word' id='word_1_129' title='bbox 463 1756 656 1823; x_wconf 81' lang='lat' dir='ltr'>pecudes</span> <span class='ocrx_word' id='word_1_130' title='bbox 678 1770 828 1813; x_wconf 82' lang='lat' dir='ltr'>mutae,</span> <span class='ocrx_word' id='word_1_131' title='bbox 866 1775 1006 1822; x_wconf 89' lang='lat' dir='ltr'>quom</span> <span class='ocrx_word' id='word_1_132' title='bbox 1033 1756 1226 1821; x_wconf 88' lang='lat' dir='ltr'>denique</span> <span class='ocrx_word' id='word_1_133' title='bbox 1252 1756 1366 1803; x_wconf 84' lang='lat' dir='ltr'>secla</span> <span class='ocrx_word' id='word_1_134' title='bbox 1390 1756 1597 1814; x_wconf 85' lang='lat' dir='ltr'>ferarum,</span> 
     </span>
    </p>
   </div>
   <div class='ocr_carea' id='block_1_24' title="bbox 212 1957 1039 2622">
    <p class='ocr_par' dir='ltr' id='par_1_24' title="bbox 212 1957 1039 2622">
     <span class='ocr_line' id='line_1_24' title="bbox 212 1957 1037 1992; baseline -0.006 -2"><span class='ocrx_word' id='word_1_135' title='bbox 212 1964 264 1990; x_wconf 71' lang='lat' dir='ltr'>and</span> <span class='ocrx_word' id='word_1_136' title='bbox 279 1962 366 1990; x_wconf 80' lang='lat' dir='ltr'>check</span> <span class='ocrx_word' id='word_1_137' title='bbox 382 1961 428 1989; x_wconf 89' lang='lat' dir='ltr'>the</span> <span class='ocrx_word' id='word_1_138' title='bbox 443 1962 593 1989; x_wconf 83' lang='lat' dir='ltr'>deviations</span> <span class='ocrx_word' id='word_1_139' title='bbox 607 1968 636 1989; x_wconf 88' lang='lat' dir='ltr'>to</span> <span class='ocrx_word' id='word_1_140' title='bbox 648 1960 739 1988; x_wconf 84' lang='lat' dir='ltr'>which</span> <span class='ocrx_word' id='word_1_141' title='bbox 754 1959 775 1988; x_wconf 86' lang='lat' dir='ltr'>it</span> <span class='ocrx_word' id='word_1_142' title='bbox 789 1965 862 1987; x_wconf 83' lang='lat' dir='ltr'>must</span> <span class='ocrx_word' id='word_1_143' title='bbox 876 1957 1037 1992; x_wconf 82' lang='lat' dir='ltr'>necessarily</span> 
     </span>
     <span class='ocr_line' id='line_1_25' title="bbox 215 2005 1037 2047; baseline -0.006 -9"><span class='ocrx_word' id='word_1_144' title='bbox 215 2012 333 2039; x_wconf 73' lang='lat' dir='ltr'>submit:</span> <span class='ocrx_word' id='word_1_145' title='bbox 362 2012 412 2038; x_wconf 78' lang='lat' dir='ltr'>but</span> <span class='ocrx_word' id='word_1_146' title='bbox 435 2021 469 2037; x_wconf 85' lang='lat' dir='ltr'>no</span> <span class='ocrx_word' id='word_1_147' title='bbox 484 2021 577 2047; x_wconf 85' lang='lat' dir='ltr'>power</span> <span class='ocrx_word' id='word_1_148' title='bbox 590 2020 621 2038; x_wconf 91' lang='lat' dir='ltr'>or</span> <span class='ocrx_word' id='word_1_149' title='bbox 636 2016 792 2047; x_wconf 82' lang='lat' dir='ltr'>agreement</span> <span class='ocrx_word' id='word_1_150' title='bbox 815 2008 848 2036; x_wconf 89' lang='lat' dir='ltr'>of</span> <span class='ocrx_word' id='word_1_151' title='bbox 865 2018 926 2035; x_wconf 86' lang='lat' dir='ltr'>man</span> <span class='ocrx_word' id='word_1_152' title='bbox 945 2005 1037 2034; x_wconf 85' lang='lat' dir='ltr'><strong>would</strong></span> 
     </span>
     <span class='ocr_line' id='line_1_26' title="bbox 214 2054 1039 2096; baseline -0.005 -10"><span class='ocrx_word' id='word_1_153' title='bbox 214 2060 247 2086; x_wconf 80' lang='lat' dir='ltr'>be</span> <span class='ocrx_word' id='word_1_154' title='bbox 261 2059 417 2096; x_wconf 75' lang='lat' dir='ltr'>altogether</span> <span class='ocrx_word' id='word_1_155' title='bbox 431 2059 575 2086; x_wconf 68' lang='lat' dir='ltr'>sufficient.</span> <span class='ocrx_word' id='word_1_156' title='bbox 597 2058 704 2087; x_wconf 78' lang='lat' dir='ltr'>Greece</span> <span class='ocrx_word' id='word_1_157' title='bbox 719 2057 840 2095; x_wconf 85' lang='lat' dir='ltr'>though,</span> <span class='ocrx_word' id='word_1_158' title='bbox 860 2056 886 2084; x_wconf 91' lang='lat' dir='ltr'>in</span> <span class='ocrx_word' id='word_1_159' title='bbox 901 2057 935 2084; x_wconf 87' lang='lat' dir='ltr'>its</span> <span class='ocrx_word' id='word_1_160' title='bbox 950 2054 1039 2082; x_wconf 86' lang='lat' dir='ltr'>whole</span> 
     </span>
     <span class='ocr_line' id='line_1_27' title="bbox 215 2104 1039 2147; baseline -0.002 -13"><span class='ocrx_word' id='word_1_161' title='bbox 215 2114 320 2138; x_wconf 80' lang='lat' dir='ltr'>extent,</span> <span class='ocrx_word' id='word_1_162' title='bbox 342 2114 389 2134; x_wconf 90' lang='lat' dir='ltr'>not</span> <span class='ocrx_word' id='word_1_163' title='bbox 406 2107 486 2134; x_wconf 78' lang='lat' dir='ltr'>much</span> <span class='ocrx_word' id='word_1_164' title='bbox 499 2107 588 2147; x_wconf 82' lang='lat' dir='ltr'>larger</span> <span class='ocrx_word' id='word_1_165' title='bbox 599 2107 664 2135; x_wconf 81' lang='lat' dir='ltr'>than</span> <span class='ocrx_word' id='word_1_166' title='bbox 680 2105 842 2138; x_wconf 77' lang='lat' dir='ltr'>Yorkshire,</span> <span class='ocrx_word' id='word_1_167' title='bbox 862 2104 945 2133; x_wconf 84' lang='lat' dir='ltr'>could</span> <span class='ocrx_word' id='word_1_168' title='bbox 960 2114 1039 2132; x_wconf 81' lang='lat' dir='ltr'>never</span> 
     </span>
     <span class='ocr_line' id='line_1_28' title="bbox 215 2152 1038 2191; baseline -0.005 -8"><span class='ocrx_word' id='word_1_169' title='bbox 215 2155 324 2191; x_wconf 72' lang='lat' dir='ltr'>acquire</span> <span class='ocrx_word' id='word_1_170' title='bbox 341 2155 388 2181; x_wconf 85' lang='lat' dir='ltr'>the</span> <span class='ocrx_word' id='word_1_171' title='bbox 403 2154 481 2190; x_wconf 76' lang='lat' dir='ltr'>unity</span> <span class='ocrx_word' id='word_1_172' title='bbox 501 2154 563 2182; x_wconf 81' lang='lat' dir='ltr'>here</span> <span class='ocrx_word' id='word_1_173' title='bbox 577 2155 681 2191; x_wconf 86' lang='lat' dir='ltr'>sought</span> <span class='ocrx_word' id='word_1_174' title='bbox 696 2153 775 2181; x_wconf 83' lang='lat' dir='ltr'>after.</span> <span class='ocrx_word' id='word_1_175' title='bbox 818 2152 901 2189; x_wconf 81' lang='lat' dir='ltr'>Italy,</span> <span class='ocrx_word' id='word_1_176' title='bbox 924 2152 1038 2186; x_wconf 74' lang='lat' dir='ltr'>France,</span> 
     </span>
     <span class='ocr_line' id='line_1_29' title="bbox 215 2200 1038 2240; baseline -0.004 -10"><span class='ocrx_word' id='word_1_177' title='bbox 215 2203 268 2231; x_wconf 85' lang='lat' dir='ltr'>and</span> <span class='ocrx_word' id='word_1_178' title='bbox 290 2202 428 2240; x_wconf 83' lang='lat' dir='ltr'>England,</span> <span class='ocrx_word' id='word_1_179' title='bbox 451 2203 475 2229; x_wconf 88' lang='lat' dir='ltr'>in</span> <span class='ocrx_word' id='word_1_180' title='bbox 499 2203 608 2230; x_wconf 86' lang='lat' dir='ltr'>modern</span> <span class='ocrx_word' id='word_1_181' title='bbox 627 2202 716 2235; x_wconf 81' lang='lat' dir='ltr'>times,</span> <span class='ocrx_word' id='word_1_182' title='bbox 737 2202 804 2229; x_wconf 77' lang='lat' dir='ltr'>have</span> <span class='ocrx_word' id='word_1_183' title='bbox 826 2200 860 2228; x_wconf 84' lang='lat' dir='ltr'>all</span> <span class='ocrx_word' id='word_1_184' title='bbox 882 2200 953 2228; x_wconf 81' lang='lat' dir='ltr'>their</span> <span class='ocrx_word' id='word_1_185' title='bbox 975 2211 1038 2238; x_wconf 86' lang='lat' dir='ltr'>pro-</span> 
     </span>
     <span class='ocr_line' id='line_1_30' title="bbox 215 2248 1039 2287; baseline -0.002 -10"><span class='ocrx_word' id='word_1_186' title='bbox 215 2249 311 2277; x_wconf 87' lang='lat' dir='ltr'>vincial</span> <span class='ocrx_word' id='word_1_187' title='bbox 327 2250 469 2277; x_wconf 67' lang='lat' dir='ltr'>variationis</span> <span class='ocrx_word' id='word_1_188' title='bbox 482 2261 488 2281; x_wconf 83' lang='lat'><em>;</em></span> <span class='ocrx_word' id='word_1_189' title='bbox 510 2250 562 2277; x_wconf 80' lang='lat' dir='ltr'>and</span> <span class='ocrx_word' id='word_1_190' title='bbox 580 2249 653 2287; x_wconf 85' lang='lat' dir='ltr'>large</span> <span class='ocrx_word' id='word_1_191' title='bbox 668 2260 696 2277; x_wconf 80' lang='lat' dir='ltr'>as</span> <span class='ocrx_word' id='word_1_192' title='bbox 716 2250 738 2277; x_wconf 88' lang='lat' dir='ltr'>is</span> <span class='ocrx_word' id='word_1_193' title='bbox 752 2249 798 2277; x_wconf 85' lang='lat' dir='ltr'>the</span> <span class='ocrx_word' id='word_1_194' title='bbox 813 2249 978 2276; x_wconf 82' lang='lat' dir='ltr'>intercourse</span> <span class='ocrx_word' id='word_1_195' title='bbox 992 2248 1039 2276; x_wconf 91' lang='lat' dir='ltr'>be-</span> 
     </span>
     <span class='ocr_line' id='line_1_31' title="bbox 216 2296 1038 2335; baseline -0.004 -9"><span class='ocrx_word' id='word_1_196' title='bbox 216 2307 303 2327; x_wconf 80' lang='lat' dir='ltr'>tween</span> <span class='ocrx_word' id='word_1_197' title='bbox 323 2309 374 2325; x_wconf 88' lang='lat' dir='ltr'>our</span> <span class='ocrx_word' id='word_1_198' title='bbox 394 2308 455 2325; x_wconf 75' lang='lat' dir='ltr'>own</span> <span class='ocrx_word' id='word_1_199' title='bbox 479 2306 597 2335; x_wconf 82' lang='lat' dir='ltr'>country</span> <span class='ocrx_word' id='word_1_200' title='bbox 622 2298 674 2326; x_wconf 84' lang='lat' dir='ltr'>and</span> <span class='ocrx_word' id='word_1_201' title='bbox 697 2298 744 2326; x_wconf 86' lang='lat' dir='ltr'>the</span> <span class='ocrx_word' id='word_1_202' title='bbox 767 2296 916 2325; x_wconf 82' lang='lat' dir='ltr'>American</span> <span class='ocrx_word' id='word_1_203' title='bbox 945 2303 1038 2329; x_wconf 81' lang='lat' dir='ltr'>states,</span> 
     </span>
     <span class='ocr_line' id='line_1_32' title="bbox 216 2344 1039 2385; baseline -0.004 -10"><span class='ocrx_word' id='word_1_204' title='bbox 216 2348 269 2375; x_wconf 88' lang='lat' dir='ltr'>and</span> <span class='ocrx_word' id='word_1_205' title='bbox 284 2347 439 2385; x_wconf 81' lang='lat' dir='ltr'>appealing,</span> <span class='ocrx_word' id='word_1_206' title='bbox 460 2357 487 2374; x_wconf 87' lang='lat' dir='ltr'>as</span> <span class='ocrx_word' id='word_1_207' title='bbox 502 2347 570 2374; x_wconf 83' lang='lat' dir='ltr'>both</span> <span class='ocrx_word' id='word_1_208' title='bbox 585 2347 634 2378; x_wconf 89' lang='lat' dir='ltr'>do,</span> <span class='ocrx_word' id='word_1_209' title='bbox 653 2354 683 2375; x_wconf 91' lang='lat' dir='ltr'>to</span> <span class='ocrx_word' id='word_1_210' title='bbox 702 2347 749 2374; x_wconf 85' lang='lat' dir='ltr'>the</span> <span class='ocrx_word' id='word_1_211' title='bbox 764 2356 835 2374; x_wconf 82' lang='lat' dir='ltr'>same</span> <span class='ocrx_word' id='word_1_212' title='bbox 854 2344 973 2373; x_wconf 81' lang='lat' dir='ltr'>classical</span> <span class='ocrx_word' id='word_1_213' title='bbox 992 2356 1039 2373; x_wconf 90' lang='lat' dir='ltr'>au-</span> 
     </span>
     <span class='ocr_line' id='line_1_33' title="bbox 216 2394 1039 2433; baseline -0.002 -9"><span class='ocrx_word' id='word_1_214' title='bbox 216 2397 350 2429; x_wconf 56' lang='lat' dir='ltr'>moritus,</span> <span class='ocrx_word' id='word_1_215' title='bbox 381 2397 428 2424; x_wconf 89' lang='lat' dir='ltr'>the</span> <span class='ocrx_word' id='word_1_216' title='bbox 451 2396 599 2423; x_wconf 80' lang='lat' dir='ltr'>American</span> <span class='ocrx_word' id='word_1_217' title='bbox 624 2396 761 2433; x_wconf 78' lang='lat' dir='ltr'>language</span> <span class='ocrx_word' id='word_1_218' title='bbox 789 2396 836 2423; x_wconf 87' lang='lat' dir='ltr'>has</span> <span class='ocrx_word' id='word_1_219' title='bbox 863 2395 970 2432; x_wconf 81' lang='lat' dir='ltr'>already</span> <span class='ocrx_word' id='word_1_220' title='bbox 992 2394 1039 2422; x_wconf 84' lang='lat' dir='ltr'>ad-</span> 
     </span>
     <span class='ocr_line' id='line_1_34' title="bbox 219 2443 1038 2481; baseline -0.001 -10"><span class='ocrx_word' id='word_1_221' title='bbox 219 2445 314 2472; x_wconf 80' lang='lat' dir='ltr'>mitted</span> <span class='ocrx_word' id='word_1_222' title='bbox 330 2455 345 2472; x_wconf 86' lang='lat' dir='ltr'>a</span> <span class='ocrx_word' id='word_1_223' title='bbox 360 2445 462 2481; x_wconf 77' lang='lat' dir='ltr'>variety</span> <span class='ocrx_word' id='word_1_224' title='bbox 476 2444 508 2471; x_wconf 83' lang='lat' dir='ltr'>of</span> <span class='ocrx_word' id='word_1_225' title='bbox 520 2451 602 2472; x_wconf 80' lang='lat' dir='ltr'>terms</span> <span class='ocrx_word' id='word_1_226' title='bbox 617 2445 705 2471; x_wconf 81' lang='lat' dir='ltr'>which</span> <span class='ocrx_word' id='word_1_227' title='bbox 727 2454 771 2471; x_wconf 79' lang='lat' dir='ltr'>are</span> <span class='ocrx_word' id='word_1_228' title='bbox 785 2443 885 2480; x_wconf 78' lang='lat' dir='ltr'>totally</span> <span class='ocrx_word' id='word_1_229' title='bbox 899 2443 1038 2471; x_wconf 83' lang='lat' dir='ltr'>unknown</span> 
     </span>
     <span class='ocr_line' id='line_1_35' title="bbox 429 2492 1039 2530; baseline 0 -11"><span class='ocrx_word' id='word_1_230' title='bbox 429 2492 508 2520; x_wconf 77' lang='lat' dir='ltr'>while</span> <span class='ocrx_word' id='word_1_231' title='bbox 532 2493 551 2520; x_wconf 83' lang='lat' dir='ltr'>it</span> <span class='ocrx_word' id='word_1_232' title='bbox 571 2503 654 2521; x_wconf 80' lang='lat' dir='ltr'>seems</span> <span class='ocrx_word' id='word_1_233' title='bbox 675 2500 705 2521; x_wconf 89' lang='lat' dir='ltr'>to</span> <span class='ocrx_word' id='word_1_234' title='bbox 729 2493 795 2521; x_wconf 85' lang='lat' dir='ltr'>have</span> <span class='ocrx_word' id='word_1_235' title='bbox 819 2492 980 2530; x_wconf 82' lang='lat' dir='ltr'>discharged</span> <span class='ocrx_word' id='word_1_236' title='bbox 1003 2502 1039 2519; x_wconf 83' lang='lat' dir='ltr'>no</span> 
     </span>
     <span class='ocr_line' id='line_1_36' title="bbox 218 2538 1039 2568; baseline 0 -2"><span class='ocrx_word' id='word_1_237' title='bbox 218 2540 429 2567; x_wconf 82' lang='lat' dir='ltr'>inconsiderable</span> <span class='ocrx_word' id='word_1_238' title='bbox 445 2540 558 2567; x_wconf 72' lang='lat' dir='ltr'>number</span> <span class='ocrx_word' id='word_1_239' title='bbox 571 2539 602 2567; x_wconf 84' lang='lat' dir='ltr'>of</span> <span class='ocrx_word' id='word_1_240' title='bbox 614 2540 692 2568; x_wconf 72' lang='lat' dir='ltr'>those</span> <span class='ocrx_word' id='word_1_241' title='bbox 707 2540 797 2567; x_wconf 86' lang='lat' dir='ltr'>which</span> <span class='ocrx_word' id='word_1_242' title='bbox 809 2550 852 2567; x_wconf 81' lang='lat' dir='ltr'>are</span> <span class='ocrx_word' id='word_1_243' title='bbox 867 2538 920 2567; x_wconf 82' lang='lat' dir='ltr'>still</span> <span class='ocrx_word' id='word_1_244' title='bbox 935 2539 1000 2567; x_wconf 86' lang='lat' dir='ltr'>used</span> <span class='ocrx_word' id='word_1_245' title='bbox 1014 2540 1039 2567; x_wconf 86' lang='lat' dir='ltr'>in</span> 
     </span>
     <span class='ocr_line' id='line_1_37' title="bbox 220 2584 760 2622; baseline 0.004 -10"><span class='ocrx_word' id='word_1_246' title='bbox 220 2584 365 2621; x_wconf 58' lang='lat' dir='ltr'>colloquial</span> <span class='ocrx_word' id='word_1_247' title='bbox 382 2585 510 2622; x_wconf 56' lang='lat' dir='ltr'>English·</span> <span class='ocrx_word' id='word_1_248' title='bbox 748 2594 760 2620; x_wconf 86' lang='lat'>7</span> 
     </span>
    </p>
   </div>
   <div class='ocr_carea' id='block_1_25' title="bbox 218 2493 406 2525">
    <p class='ocr_par' dir='ltr' id='par_1_25' title="bbox 218 2493 406 2525">
     <span class='ocr_line' id='line_1_38' title="bbox 218 2493 406 2525; baseline 0 -7"><span class='ocrx_word' id='word_1_249' title='bbox 218 2500 248 2519; x_wconf 85' lang='lat' dir='ltr'>to</span> <span class='ocrx_word' id='word_1_250' title='bbox 263 2493 406 2525; x_wconf 79' lang='lat' dir='ltr'>ourselves,</span> 
     </span>
    </p>
   </div>
   <div class='ocr_carea' id='block_1_26' title="bbox 1076 1956 1900 2384">
    <p class='ocr_par' dir='ltr' id='par_1_26' title="bbox 1076 1956 1900 2384">
     <span class='ocr_line' id='line_1_39' title="bbox 1115 1956 1899 1996; baseline 0.004 -13"><span class='ocrx_word' id='word_1_251' title='bbox 1115 1960 1134 1973; x_wconf 91' lang='lat'><strong>“</strong></span> <span class='ocrx_word' id='word_1_252' title='bbox 1150 1956 1377 1995; x_wconf 48' lang='lat' dir='ltr'>On=demande‚”</span> <span class='ocrx_word' id='word_1_253' title='bbox 1398 1957 1523 1985; x_wconf 77' lang='lat' dir='ltr'>observes</span> <span class='ocrx_word' id='word_1_254' title='bbox 1538 1956 1582 1985; x_wconf 93' lang='lat' dir='ltr'>M.</span> <span class='ocrx_word' id='word_1_255' title='bbox 1603 1957 1650 1985; x_wconf 91' lang='lat' dir='ltr'>De</span> <span class='ocrx_word' id='word_1_256' title='bbox 1666 1957 1738 1987; x_wconf 85' lang='lat' dir='ltr'>Lille</span> <span class='ocrx_word' id='word_1_257' title='bbox 1752 1967 1828 1996; x_wconf 86' lang='lat' dir='ltr'>upon</span> <span class='ocrx_word' id='word_1_258' title='bbox 1845 1957 1899 1987; x_wconf 79' lang='lat' dir='ltr'>this</span> 
     </span>
     <span class='ocr_line' id='line_1_40' title="bbox 1076 2003 1899 2041; baseline 0.005 -12"><span class='ocrx_word' id='word_1_259' title='bbox 1076 2013 1139 2039; x_wconf 86' lang='lat' dir='ltr'>very</span> <span class='ocrx_word' id='word_1_260' title='bbox 1155 2003 1271 2040; x_wconf 86' lang='lat' dir='ltr'>subject,</span> <span class='ocrx_word' id='word_1_261' title='bbox 1291 2003 1318 2030; x_wconf 88' lang='lat' dir='ltr'>in</span> <span class='ocrx_word' id='word_1_262' title='bbox 1333 2013 1348 2030; x_wconf 86' lang='lat' dir='ltr'>a</span> <span class='ocrx_word' id='word_1_263' title='bbox 1362 2011 1426 2032; x_wconf 87' lang='lat' dir='ltr'>note</span> <span class='ocrx_word' id='word_1_264' title='bbox 1440 2003 1474 2032; x_wconf 87' lang='lat' dir='ltr'>os</span> <span class='ocrx_word' id='word_1_265' title='bbox 1492 2004 1560 2041; x_wconf 84' lang='lat' dir='ltr'>high</span> <span class='ocrx_word' id='word_1_266' title='bbox 1576 2005 1654 2032; x_wconf 90' lang='lat' dir='ltr'>merit</span> <span class='ocrx_word' id='word_1_267' title='bbox 1669 2005 1694 2032; x_wconf 88' lang='lat' dir='ltr'>in</span> <span class='ocrx_word' id='word_1_268' title='bbox 1711 2006 1757 2034; x_wconf 89' lang='lat' dir='ltr'>the</span> <span class='ocrx_word' id='word_1_269' title='bbox 1780 2004 1899 2034; x_wconf 85' lang='lat' dir='ltr'>Prelimi-</span> 
     </span>
     <span class='ocr_line' id='line_1_41' title="bbox 1077 2051 1900 2093; baseline 0.004 -15"><span class='ocrx_word' id='word_1_270' title='bbox 1077 2061 1142 2088; x_wconf 84' lang='lat' dir='ltr'>nary</span> <span class='ocrx_word' id='word_1_271' title='bbox 1158 2051 1308 2080; x_wconf 87' lang='lat' dir='ltr'>Discourse</span> <span class='ocrx_word' id='word_1_272' title='bbox 1322 2058 1352 2080; x_wconf 83' lang='lat' dir='ltr'>to</span> <span class='ocrx_word' id='word_1_273' title='bbox 1371 2053 1413 2080; x_wconf 84' lang='lat' dir='ltr'>his</span> <span class='ocrx_word' id='word_1_274' title='bbox 1431 2052 1607 2081; x_wconf 77' lang='lat' dir='ltr'>Translation</span> <span class='ocrx_word' id='word_1_275' title='bbox 1629 2053 1663 2082; x_wconf 87' lang='lat' dir='ltr'>of</span> <span class='ocrx_word' id='word_1_276' title='bbox 1673 2054 1789 2093; x_wconf 83' lang='lat' dir='ltr'>Virgil’s</span> <span class='ocrx_word' id='word_1_277' title='bbox 1811 2053 1900 2083; x_wconf 83' lang='lat' dir='ltr'>Geor-</span> 
     </span>
     <span class='ocr_line' id='line_1_42' title="bbox 1077 2099 1898 2140; baseline 0.004 -14"><span class='ocrx_word' id='word_1_278' title='bbox 1077 2099 1145 2137; x_wconf 53' lang='lat' dir='ltr'>gia,</span> <span class='ocrx_word' id='word_1_279' title='bbox 1167 2109 1195 2136; x_wconf 89' lang='lat' dir='ltr'>p.</span> <span class='ocrx_word' id='word_1_280' title='bbox 1218 2109 1263 2137; x_wconf 88' lang='lat'>30.</span> <span class='ocrx_word' id='word_1_281' title='bbox 1286 2104 1305 2117; x_wconf 80' lang='lat'>‘⁴</span> <span class='ocrx_word' id='word_1_282' title='bbox 1319 2108 1456 2129; x_wconf 85' lang='lat' dir='ltr'>comment</span> <span class='ocrx_word' id='word_1_283' title='bbox 1471 2101 1510 2129; x_wconf 90' lang='lat' dir='ltr'>les</span> <span class='ocrx_word' id='word_1_284' title='bbox 1529 2102 1663 2135; x_wconf 89' lang='lat' dir='ltr'>hommes,</span> <span class='ocrx_word' id='word_1_285' title='bbox 1684 2104 1731 2140; x_wconf 90' lang='lat' dir='ltr'>qui</span> <span class='ocrx_word' id='word_1_286' title='bbox 1753 2109 1802 2131; x_wconf 89' lang='lat' dir='ltr'>ont</span> <span class='ocrx_word' id='word_1_287' title='bbox 1822 2112 1856 2130; x_wconf 79' lang='lat' dir='ltr'>eu</span> <span class='ocrx_word' id='word_1_288' title='bbox 1873 2101 1898 2129; x_wconf 81' lang='lat' dir='ltr'>la</span> 
     </span>
     <span class='ocr_line' id='line_1_43' title="bbox 1077 2149 1899 2190; baseline 0.007 -16"><span class='ocrx_word' id='word_1_289' title='bbox 1077 2149 1164 2175; x_wconf 67' lang='lat' dir='ltr'>meme</span> <span class='ocrx_word' id='word_1_290' title='bbox 1178 2149 1295 2186; x_wconf 87' lang='lat' dir='ltr'>origine,</span> <span class='ocrx_word' id='word_1_291' title='bbox 1314 2157 1363 2177; x_wconf 87' lang='lat' dir='ltr'>ont</span> <span class='ocrx_word' id='word_1_292' title='bbox 1377 2160 1413 2187; x_wconf 87' lang='lat' dir='ltr'>pu</span> <span class='ocrx_word' id='word_1_293' title='bbox 1430 2149 1517 2187; x_wconf 88' lang='lat' dir='ltr'>parler</span> <span class='ocrx_word' id='word_1_294' title='bbox 1534 2150 1660 2179; x_wconf 72' lang='lat' dir='ltr'>different</span> <span class='ocrx_word' id='word_1_295' title='bbox 1679 2151 1814 2190; x_wconf 84' lang='lat' dir='ltr'>langues?</span> <span class='ocrx_word' id='word_1_296' title='bbox 1834 2149 1899 2179; x_wconf 69' lang='lat' dir='ltr'>mais</span> 
     </span>
     <span class='ocr_line' id='line_1_44' title="bbox 1077 2197 1898 2238; baseline 0.006 -15"><span class='ocrx_word' id='word_1_297' title='bbox 1077 2207 1111 2224; x_wconf 93' lang='lat' dir='ltr'>on</span> <span class='ocrx_word' id='word_1_298' title='bbox 1127 2197 1229 2224; x_wconf 80' lang='lat' dir='ltr'>devrait</span> <span class='ocrx_word' id='word_1_299' title='bbox 1243 2198 1389 2227; x_wconf 76' lang='lat' dir='ltr'>demandet</span> <span class='ocrx_word' id='word_1_300' title='bbox 1407 2198 1512 2236; x_wconf 65' lang='lat' dir='ltr'>plutbt,</span> <span class='ocrx_word' id='word_1_301' title='bbox 1533 2207 1671 2228; x_wconf 86' lang='lat' dir='ltr'>comment</span> <span class='ocrx_word' id='word_1_302' title='bbox 1694 2200 1712 2228; x_wconf 91' lang='lat' dir='ltr'>il</span> <span class='ocrx_word' id='word_1_303' title='bbox 1736 2211 1751 2228; x_wconf 88' lang='lat' dir='ltr'>a</span> <span class='ocrx_word' id='word_1_304' title='bbox 1770 2200 1814 2228; x_wconf 68' lang='grc' dir='ltr'>ἑῖὲ</span> <span class='ocrx_word' id='word_1_305' title='bbox 1837 2209 1898 2238; x_wconf 77' lang='lat' dir='ltr'>pos-</span> 
     </span>
     <span class='ocr_line' id='line_1_45' title="bbox 1077 2245 1899 2287; baseline 0.005 -15"><span class='ocrx_word' id='word_1_306' title='bbox 1077 2245 1143 2273; x_wconf 86' lang='lat' dir='ltr'>sible</span> <span class='ocrx_word' id='word_1_307' title='bbox 1170 2247 1273 2282; x_wconf 89' lang='lat' dir='ltr'>qu’une</span> <span class='ocrx_word' id='word_1_308' title='bbox 1300 2248 1403 2285; x_wconf 84' lang='lat' dir='ltr'>grande</span> <span class='ocrx_word' id='word_1_309' title='bbox 1429 2248 1555 2285; x_wconf 60' lang='lat' dir='ltr'>quantit&amp;</span> <span class='ocrx_word' id='word_1_310' title='bbox 1582 2249 1736 2277; x_wconf 85' lang='lat' dir='ltr'>d’hommes</span> <span class='ocrx_word' id='word_1_311' title='bbox 1765 2248 1852 2287; x_wconf 69' lang='lat' dir='ltr'>parlat</span> <span class='ocrx_word' id='word_1_312' title='bbox 1873 2247 1899 2276; x_wconf 83' lang='lat' dir='ltr'>la</span> 
     </span>
     <span class='ocr_line' id='line_1_46' title="bbox 1077 2294 1898 2336; baseline 0.001 -14"><span class='ocrx_word' id='word_1_313' title='bbox 1077 2297 1163 2323; x_wconf 67' lang='lat' dir='ltr'>meme</span> <span class='ocrx_word' id='word_1_314' title='bbox 1179 2294 1298 2333; x_wconf 87' lang='lat' dir='ltr'>langue?</span> <span class='ocrx_word' id='word_1_315' title='bbox 1320 2296 1364 2324; x_wconf 87' lang='lat' dir='ltr'>En</span> <span class='ocrx_word' id='word_1_316' title='bbox 1386 2296 1460 2330; x_wconf 76' lang='lat' dir='ltr'>effer,</span> <span class='ocrx_word' id='word_1_317' title='bbox 1481 2297 1500 2324; x_wconf 84' lang='lat' dir='ltr'>il</span> <span class='ocrx_word' id='word_1_318' title='bbox 1521 2307 1548 2325; x_wconf 86' lang='lat' dir='ltr'>se</span> <span class='ocrx_word' id='word_1_319' title='bbox 1568 2304 1664 2326; x_wconf 86' lang='lat' dir='ltr'>trouve</span> <span class='ocrx_word' id='word_1_320' title='bbox 1688 2308 1740 2326; x_wconf 88' lang='lat' dir='ltr'>une</span> <span class='ocrx_word' id='word_1_321' title='bbox 1759 2298 1780 2326; x_wconf 87' lang='lat' dir='ltr'>si</span> <span class='ocrx_word' id='word_1_322' title='bbox 1797 2296 1898 2336; x_wconf 87' lang='lat' dir='ltr'>grande</span> 
     </span>
     <span class='ocr_line' id='line_1_47' title="bbox 1077 2343 1899 2384; baseline 0.002 -14"><span class='ocrx_word' id='word_1_323' title='bbox 1077 2343 1221 2372; x_wconf 60' lang='lat' dir='ltr'>difference</span> <span class='ocrx_word' id='word_1_324' title='bbox 1246 2344 1312 2372; x_wconf 82' lang='lat' dir='ltr'>dans</span> <span class='ocrx_word' id='word_1_325' title='bbox 1336 2344 1361 2372; x_wconf 86' lang='lat' dir='ltr'>la</span> <span class='ocrx_word' id='word_1_326' title='bbox 1385 2344 1585 2373; x_wconf 82' lang='lat' dir='ltr'>conformation</span> <span class='ocrx_word' id='word_1_327' title='bbox 1610 2346 1644 2373; x_wconf 87' lang='lat' dir='ltr'>de</span> <span class='ocrx_word' id='word_1_328' title='bbox 1667 2356 1716 2374; x_wconf 90' lang='lat' dir='ltr'>nos</span> <span class='ocrx_word' id='word_1_329' title='bbox 1740 2355 1848 2384; x_wconf 85' lang='lat' dir='ltr'>organs,</span> <span class='ocrx_word' id='word_1_330' title='bbox 1874 2343 1899 2372; x_wconf 82' lang='lat' dir='ltr'>la</span> 
     </span>
    </p>
   </div>
   <div class='ocr_carea' id='block_1_27' title="bbox 1077 2387 1977 2430">
    <p class='ocr_par' dir='ltr' id='par_1_27' title="bbox 1077 2387 1977 2430">
     <span class='ocr_line' id='line_1_48' title="bbox 1077 2387 1977 2430; baseline 0.001 -11"><span class='ocrx_word' id='word_1_331' title='bbox 1077 2393 1262 2420; x_wconf 86' lang='lat' dir='ltr'>combinaison</span> <span class='ocrx_word' id='word_1_332' title='bbox 1283 2393 1331 2421; x_wconf 84' lang='lat' dir='ltr'>des</span> <span class='ocrx_word' id='word_1_333' title='bbox 1353 2404 1415 2421; x_wconf 90' lang='lat' dir='ltr'>sons</span> <span class='ocrx_word' id='word_1_334' title='bbox 1438 2400 1479 2421; x_wconf 87' lang='lat' dir='ltr'>est</span> <span class='ocrx_word' id='word_1_335' title='bbox 1500 2393 1521 2421; x_wconf 88' lang='lat' dir='ltr'>si</span> <span class='ocrx_word' id='word_1_336' title='bbox 1542 2387 1638 2426; x_wconf 58' lang='lat' dir='ltr'>varice,</span> <span class='ocrx_word' id='word_1_337' title='bbox 1660 2395 1681 2422; x_wconf 86' lang='lat' dir='ltr'>si</span> <span class='ocrx_word' id='word_1_338' title='bbox 1705 2394 1805 2426; x_wconf 80' lang='lat' dir='ltr'>infinie,</span> <span class='ocrx_word' id='word_1_339' title='bbox 1831 2390 1910 2430; x_wconf 74' lang='lat' dir='ltr'>qu’il&#39;</span> <span class='ocrx_word' id='word_1_340' title='bbox 1974 2404 1977 2412; x_wconf 57' lang='lat' dir='ltr'>r</span> 
     </span>
    </p>
   </div>
   <div class='ocr_carea' id='block_1_28' title="bbox 1078 2440 1899 2624">
    <p class='ocr_par' dir='ltr' id='par_1_28' title="bbox 1078 2440 1899 2624">
     <span class='ocr_line' id='line_1_49' title="bbox 1078 2440 1899 2480; baseline -0.001 -11"><span class='ocrx_word' id='word_1_341' title='bbox 1078 2449 1118 2469; x_wconf 86' lang='lat' dir='ltr'>est</span> <span class='ocrx_word' id='word_1_342' title='bbox 1139 2442 1199 2469; x_wconf 86' lang='lat' dir='ltr'>bien</span> <span class='ocrx_word' id='word_1_343' title='bbox 1221 2442 1334 2480; x_wconf 62' lang='lat' dir='ltr'>&amp;range</span> <span class='ocrx_word' id='word_1_344' title='bbox 1356 2444 1458 2480; x_wconf 87' lang='lat' dir='ltr'>qu’une</span> <span class='ocrx_word' id='word_1_345' title='bbox 1479 2442 1626 2471; x_wconf 87' lang='lat' dir='ltr'>multitude</span> <span class='ocrx_word' id='word_1_346' title='bbox 1640 2444 1742 2471; x_wconf 65' lang='lat' dir='ltr'>d&#39;&amp;tres</span> <span class='ocrx_word' id='word_1_347' title='bbox 1753 2453 1779 2471; x_wconf 88' lang='lat' dir='ltr'>se</span> <span class='ocrx_word' id='word_1_348' title='bbox 1794 2441 1844 2470; x_wconf 85' lang='lat' dir='ltr'>soit</span> <span class='ocrx_word' id='word_1_349' title='bbox 1859 2440 1899 2468; x_wconf 72' lang='grc' dir='ltr'>τὲ-</span> 
     </span>
     <span class='ocr_line' id='line_1_50' title="bbox 1079 2491 1898 2528; baseline -0.001 -10"><span class='ocrx_word' id='word_1_350' title='bbox 1079 2491 1140 2519; x_wconf 88' lang='lat' dir='ltr'>unie</span> <span class='ocrx_word' id='word_1_351' title='bbox 1161 2499 1361 2520; x_wconf 80' lang='lat' dir='ltr'>constaminent</span> <span class='ocrx_word' id='word_1_352' title='bbox 1375 2491 1389 2519; x_wconf 72' lang='lat' dir='ltr'>a</span> <span class='ocrx_word' id='word_1_353' title='bbox 1404 2491 1531 2520; x_wconf 83' lang='lat' dir='ltr'>articuler</span> <span class='ocrx_word' id='word_1_354' title='bbox 1545 2492 1617 2520; x_wconf 82' lang='lat' dir='ltr'>dela</span> <span class='ocrx_word' id='word_1_355' title='bbox 1637 2494 1724 2520; x_wconf 69' lang='lat' dir='ltr'>meme</span> <span class='ocrx_word' id='word_1_356' title='bbox 1744 2491 1824 2528; x_wconf 63' lang='lat' dir='ltr'>facon</span> <span class='ocrx_word' id='word_1_357' title='bbox 1847 2499 1898 2518; x_wconf 87' lang='lat' dir='ltr'>une</span> 
     </span>
     <span class='ocr_line' id='line_1_51' title="bbox 1079 2536 1898 2577; baseline -0.004 -11"><span class='ocrx_word' id='word_1_358' title='bbox 1079 2541 1166 2566; x_wconf 63' lang='lat' dir='ltr'>meme</span> <span class='ocrx_word' id='word_1_359' title='bbox 1194 2540 1262 2568; x_wconf 86' lang='lat' dir='ltr'>suite</span> <span class='ocrx_word' id='word_1_360' title='bbox 1290 2541 1324 2568; x_wconf 89' lang='lat' dir='ltr'>de</span> <span class='ocrx_word' id='word_1_361' title='bbox 1346 2550 1418 2573; x_wconf 81' lang='lat' dir='ltr'>sons,</span> <span class='ocrx_word' id='word_1_362' title='bbox 1451 2550 1523 2577; x_wconf 87' lang='lat' dir='ltr'>pour</span> <span class='ocrx_word' id='word_1_363' title='bbox 1546 2540 1681 2577; x_wconf 87' lang='lat' dir='ltr'>exprimer</span> <span class='ocrx_word' id='word_1_364' title='bbox 1708 2549 1760 2567; x_wconf 90' lang='lat' dir='ltr'>une</span> <span class='ocrx_word' id='word_1_365' title='bbox 1783 2536 1898 2567; x_wconf 84' lang='lat' dir='ltr'>certaine</span> 
     </span>
     <span class='ocr_line' id='line_1_52' title="bbox 1081 2581 1898 2624; baseline -0.005 -11"><span class='ocrx_word' id='word_1_366' title='bbox 1081 2586 1149 2614; x_wconf 81' lang='lat' dir='ltr'>suite</span> <span class='ocrx_word' id='word_1_367' title='bbox 1172 2585 1285 2620; x_wconf 61' lang='lat' dir='ltr'>d‘idees,</span> <span class='ocrx_word' id='word_1_368' title='bbox 1306 2587 1354 2624; x_wconf 87' lang='lat' dir='ltr'>qui</span> <span class='ocrx_word' id='word_1_369' title='bbox 1371 2586 1458 2615; x_wconf 87' lang='lat' dir='ltr'>aurait</span> <span class='ocrx_word' id='word_1_370' title='bbox 1473 2597 1510 2624; x_wconf 86' lang='lat' dir='ltr'>pu</span> <span class='ocrx_word' id='word_1_371' title='bbox 1526 2586 1585 2615; x_wconf 62' lang='lat' dir='ltr'>&amp;tre</span> <span class='ocrx_word' id='word_1_372' title='bbox 1605 2585 1741 2623; x_wconf 68' lang='lat' dir='ltr'>exprimeSe</span> <span class='ocrx_word' id='word_1_373' title='bbox 1756 2590 1818 2613; x_wconf 85' lang='lat' dir='ltr'>tout</span> <span class='ocrx_word' id='word_1_374' title='bbox 1831 2581 1898 2611; x_wconf 73' lang='lat' dir='ltr'>aussi</span> 
     </span>
    </p>
   </div>
  </div>
 </body>
</html>
