1986 2795
159 147 240 190 263
666 144 772 185 ‘DE
802 142 1026 185 RERUM
1060 140 1323 183 NATURA.
1675 142 1780 184 Lm.
1804 142 1855 185 V.

231 277 296 320 At
323 289 483 336 neque,
523 270 615 317 utei
642 270 790 328 docui,
831 270 972 317 solido
997 287 1104 316 cum
1129 284 1313 332 corpore
1339 267 1499 314 mundi
1758 273 1852 332 365

231 369 406 414 Natura
432 380 511 422 est,
550 364 765 430 quoniam
792 365 1042 412 admixtum
1067 375 1132 409 est
1157 361 1203 407 in
1229 360 1359 408 rebus
1384 360 1547 432 inane3⁴

235 459 339 505 Nec
365 472 514 504 tamen
542 472 606 503 est
634 471 681 503 ut
708 457 865 513 inane3
903 472 1048 519 neque
1074 467 1228 501 autem
1255 471 1440 520 corpora
1467 455 1643 514 desunt,

238 554 308 599 Ex
338 551 514 598 infinito
539 569 639 615 quae
664 550 834 615 possint
859 549 971 596 forte
997 561 1147 595 coorta

241 649 473 693 Com-uere
499 646 612 691 hanc
639 662 785 691 rerum
811 643 1011 690 violento
1036 641 1213 689 turbine
1239 660 1479 701 summam,

241 743 338 785 Aut
365 738 493 784 aliam
519 756 655 802 quam
681 736 746 783 vis
772 736 947 783 cladem
972 736 1196 802 inportare
1221 735 1405 801 pericli:
1767 755 1863 801 370

244 835 346 879 Nec
371 849 502 896 porro
526 845 680 877 natura
705 829 806 887 loci,
845 828 1131 895 spatiumque
1155 829 1386 895 profundi,

245 926 428 982 Deficit,
467 924 666 990 exspargi
691 942 783 988 quo
809 922 977 988 possint
1003 921 1173 969 moenia
1198 922 1387 978 mundi3

245 1024 342 1067 Aut
368 1019 450 1065 ali-31
475 1020 562 1082 qua
588 1018 654 1064 vis
679 1031 864 1082 possunt
890 1017 935 1063 vi
961 1016 1088 1082 pulsa
1114 1016 1271 1082 perire.

245 1114 381 1160 Haud
407 1113 540 1177 igitur
565 1111 640 1158 leti
665 1111 878 1176 praeclusa
902 1124 967 1157 est
983 1111 1124 1175 janua
1149 1110 1283 1168 coelo,

246 1209 349 1254 Nec
376 1205 470 1262 soli,
509 1218 737 1269 terraeque,
776 1221 923 1268 neque
949 1202 1045 1250 altis
1072 1203 1259 1269 aequoris
1285 1203 1445 1262 undis3
1775 1224 1869 1271 375

248 1301 332 1347 Sed
358 1312 479 1364 patet
504 1298 687 1354 inmani,
726 1311 770 1344 et
795 1311 921 1344 vasto
946 1310 1178 1363 respectat,
1217 1297 1357 1345 hiatu.

319 1394 425 1447 Qua
450 1412 493 1440 re
520 1392 654 1440 etiam
679 1393 828 1439 nativa
853 1411 1086 1440 necessum
1111 1406 1177 1440 est
1201 1393 1442 1440 confiteare

253 1489 363 1534 Haec
388 1486 574 1533 eadem:
613 1503 759 1550 neque
785 1485 920 1543 enim,
960 1486 1137 1533 mortali
1161 1504 1347 1552 corpore
1371 1505 1473 1551 quae
1499 1500 1617 1544 sunt,

257 1583 327 1628 Ex
353 1579 528 1626 infinito
545 1579 642 1643 jam
667 1591 869 1643 tempore
896 1579 1043 1626 adhuc
1066 1580 1316 1646 potuissent

258 1672 454 1720 Inmensi
479 1672 645 1718 validas
671 1671 754 1718 aevi
780 1686 1067 1721 contemnere
1092 1673 1238 1722 vireis.
1783 1679 1880 1738 380

327 1765 552 1830 Denique,
590 1778 715 1811 tanto
739 1783 872 1830 opere
899 1765 1012 1813 inter
1038 1785 1082 1813 se
1105 1754 1248 1832 quom
1274 1785 1485 1815 maxuma
1509 1767 1669 1815 mundi
1704 1827 1708 1835 ἱ

260 1864 468 1925 Pugnent
494 1858 708 1914 membra,
746 1858 823 1922 pio
848 1877 1135 1924 nequaquam
1161 1862 1337 1908 concita
1360 1860 1512 1918 bello;

263 1956 434 2000 Nonne
460 1951 584 1997 vides
610 1950 806 2015 aliquam
831 1951 955 2016 longi
981 1953 1232 2001 certaminis
1257 1954 1355 2002 ollis

242 2151 309 2181 vd».
328 2153 391 2190 367.
417 2152 494 2180 What
513 2152 575 2180 lives
588 2151 722 2185 immortal‚
741 2160 792 2185 too,
816 2159 880 2180 must
898 2164 926 2181 so
939 2154 1020 2189 exist]
1065 2154 1098 2182 In
1113 2155 1159 2184 the
1174 2156 1290 2196 original
1303 2156 1389 2185 thus:

204 2201 275 2230 This
290 2211 372 2233 verse,
394 2201 446 2228 aud
467 2201 512 2227 the
527 2207 629 2236 twenty
647 2200 821 2238 succeeding,
843 2210 886 2228 are
900 2201 1024 2237 brought

204 2248 346 2280 sorwzrds,
362 2247 427 2274 with
443 2248 493 2274 but
515 2246 584 2273 little
599 2247 738 2279 variation,
763 2246 833 2274 from
854 2247 936 2275 Book
963 2247 1023 2276 111.

208 2298 273 2325 820.
315 2296 397 2333 They
419 2305 462 2322 are
484 2294 570 2327 there,
591 2294 656 2321 with
679 2295 760 2322 much
782 2294 881 2332 logical
903 2305 1027 2327 acumen,

207 2347 315 2385 applied
337 2354 366 2373 to
387 2345 434 2373 the
448 2343 605 2381 Epicurean
621 2343 741 2370 doctrine
763 2343 796 2371 of
807 2344 854 2372 the
875 2344 954 2378 soul·,
975 2345 1028 2372 and

210 2395 274 2432 they
290 2404 332 2421 are
348 2402 409 2420 now
429 2389 573 2427 employed
589 2396 619 2416 to
636 2389 765 2417 establish
785 2390 831 2418 the
847 2391 984 2429 mortality
1000 2391 1032 2419 of

212 2444 258 2472 the
273 2443 358 2471 world
372 2449 399 2469 at
413 2440 497 2477 large.

1220 2216 1268 2245 leti
1291 2215 1425 2256 praeclusa
1443 2221 1483 2243 est
1503 2214 1666 2253 janua*—
1736 2212 1806 2242 Ver·
1819 2216 1892 2250 374.

1107 2273 1135 2302 It
1150 2286 1205 2303 was
1218 2286 1233 2303 a
1247 2276 1362 2304 favorite
1383 2276 1472 2313 image
1493 2274 1526 2303 of
1537 2285 1589 2302 our
1601 2281 1679 2312 poet,
1699 2283 1727 2301 as
1744 2272 1758 2301 I
1772 2273 1840 2301 have
1854 2271 1893 2301 al·

1068 2323 1150 2365 reaoy
1164 2325 1305 2358 observed,
1319 2325 1345 2353 in
1357 2325 1404 2353 the
1417 2324 1493 2353 Note
1504 2333 1539 2352 on
1556 2323 1639 2352 Book
1655 2323 1681 2351 1.
1700 2330 1784 2360 1170.
1802 2322 1893 2350 where

1070 2369 1082 2397 I
1104 2371 1169 2399 have
1184 2372 1323 2401 instanced
1339 2383 1373 2400 an
1388 2373 1523 2400 imitation
1544 2373 1583 2409 by
1597 2371 1698 2410 Virgil,
1719 2381 1748 2398 as
1761 2369 1822 2398 well
1836 2379 1864 2397 aa
1878 2379 1898 2396 a

1070 2420 1180 2458 parallel
1202 2421 1288 2458 figure
1309 2422 1336 2449 in
1357 2422 1405 2450 the
1428 2421 1511 2450 Book
1533 2421 1564 2449 of
1575 2421 1640 2458 Job.
1682 2419 1764 2449 Silina
1781 2418 1895 2448 Italicus

1071 2468 1126 2496 will
1141 2468 1245 2497 furnish
1261 2481 1292 2498 us
1306 2470 1373 2498 with
1388 2471 1503 2498 another
1516 2481 1524 2498 ε

255 2537 320 2565 Ver.
333 2537 397 2574 387.
478 2533 688 2573 ——precluded
687 2535 761 2572 from
771 2534 811 2564 the
817 2543 889 2573 gates
900 2535 1031 2574 qfdeath]
1212 2536 1286 2565 nullo
1298 2546 1346 2566 nos
1359 2536 1450 2565 invida
1459 2543 1537 2565 tanto
