1986 2795
177 103 230 142 42
702 98 788 140 DE
818 98 1042 142 RERUM
1073 100 1339 143 NATURA.
1658 102 1762 146 Lm.
1786 103 1862 146 IV.

250 225 475 273 Adcidere
500 225 555 272 ad
582 225 790 291 speciem,
829 225 1042 290 quadrata
1065 226 1148 273 nisi
1172 226 1267 290 ejus
1292 226 1442 291 imago
1464 228 1483 274 ?

253 320 360 366 Esse
385 317 429 364 in
457 316 724 382 imaginibus
749 330 1023 383 quapropter
1047 334 1197 364 caussa
1220 317 1399 363 videtur

252 409 500 468 Cernundi‚
539 429 685 476 neque
709 428 837 476 posse
863 409 955 457 sine
980 409 1062 456 hiis
1087 428 1153 457 res
1176 409 1269 456 ulla
1291 408 1447 458 videri.

247 507 390 552 Nunc
415 522 480 563 ea,
517 523 617 569 quae
642 503 758 561 dico,
795 521 943 551 rerum
968 503 1200 550 simulacra
1223 502 1426 550 feruntur
1770 522 1866 565 240

250 597 480 662 Undique,
519 611 563 644 et
593 597 638 644 in
664 610 844 644 cunctas
862 596 1091 660 jaciuntur
1115 595 1254 642 didita
1277 595 1466 661 parteis:

250 693 439 748 Verum,
478 708 558 737 nos
582 690 721 736 oculis
747 689 851 754 quia
876 690 976 737 solis
1001 707 1179 737 cernere
1207 689 1402 755 quimus,

251 786 486 848 Propterea
510 782 577 840 fit,
615 783 722 840 utei,
761 782 956 848 speciem
981 800 1074 846 quo
1099 781 1332 841 vonimus,
1370 801 1526 831 omnes

250 879 341 924 Res
367 875 427 922 ibi
452 893 551 922 eam
577 888 731 922 contra
755 874 912 921 feriant
937 874 1095 931 forma,
1134 887 1268 939 atque
1293 875 1455 923 colore.

249 971 326 1026 Et,
364 983 584 1034 quantum
610 986 800 1033 quaeque
825 967 879 1014 ab
904 966 1030 1014 nobis
1056 985 1121 1014 res
1146 966 1272 1024 absit,
1311 966 1460 1032 imago
1766 986 1860 1031 245

248 1061 424 1118 Ecficit‚
463 1073 514 1107 ut
538 1060 785 1117 videanmS,
824 1072 867 1106 et
894 1059 1187 1106 internoscere
1208 1072 1345 1106 curat.

249 1157 387 1212 Nam,
426 1172 567 1219 quom
593 1153 797 1210 mittitur,
836 1170 890 1200 ex
915 1153 1088 1218 templo
1112 1153 1320 1218 procudit
1344 1154 1526 1220 agitque

247 1251 380 1306 A'e'ra,
418 1247 496 1312 qui
522 1247 634 1294 inter
659 1265 702 1293 se
728 1264 960 1311 quomque
985 1259 1050 1293 est
1074 1246 1318 1311 oculosque
1342 1247 1539 1304 locatus;

248 1345 380 1406 Isque
406 1340 465 1386 ita
489 1358 568 1404 per
593 1353 758 1386 nostras
783 1339 895 1386 acies
922 1338 1162 1404 perlabitur
1185 1339 1346 1396 omnis,

249 1437 308 1481 Et
333 1433 457 1498 quasi
482 1431 692 1498 pertergit
716 1431 924 1497 pupillas,
962 1445 1096 1496 atque
1122 1430 1181 1478 ita
1205 1431 1373 1480 transit.
1768 1449 1862 1493 250

249 1529 486 1593 Propterea
509 1526 576 1582 fit,
615 1524 706 1571 utei
731 1524 963 1572 videamus
988 1541 1126 1588 quam
1150 1524 1307 1589 procul
1332 1523 1444 1571 absit

251 1624 343 1668 Res
368 1636 558 1684 quaeque
582 1638 592 1674 ;
629 1630 673 1664 et
697 1630 867 1681 quanto
890 1616 990 1682 plus
1015 1616 1123 1663 aeris
1148 1630 1250 1663 ante
1275 1617 1476 1681 agitatur,

251 1717 311 1761 Et
336 1726 504 1760 nostros
530 1711 682 1758 oculos
707 1723 929 1775 perterget
953 1709 1128 1774 longior
1151 1727 1269 1767 aura,

250 1809 369 1854 Tam
394 1803 550 1870 procul
576 1820 666 1849 esse
691 1801 831 1866 magis
856 1819 921 1848 res
946 1820 1136 1867 quaeque
1160 1816 1331 1850 remota
1354 1802 1546 1850 videtur.

254 1897 434 1948 Scilicet
457 1897 552 1944 haec
576 1913 751 1943 summe
776 1894 906 1942 celeri
931 1895 1099 1942 ratione
1122 1909 1350 1960 geruntur,
1767 1912 1791 1944 2
1800 1911 1826 1957 5
1835 1911 1861 1958 5

256 1991 403 2047 Quale
427 1991 495 2048 sit,
534 2004 585 2036 ut
608 1989 869 2046 videamus3
905 2002 950 2036 et
973 1991 1075 2048 una,
1113 2007 1252 2054 quam
1276 1989 1433 2056 procul
1462 1988 1586 2036 absit.

330 2179 452 2229 Illud
475 2178 522 2226 in
545 2177 628 2226 hiis
651 2177 780 2226 rebus
804 2177 1006 2225 minume
1031 2177 1230 2226 mirabile
1254 2177 1513 2225 habendum
1537 2190 1615 2235 est,

234 2362 302 2393 Ver.
317 2372 384 2401 244.
405 2361 490 2391 Hence
502 2359 600 2399 shapes,
620 2358 693 2388 hence
705 2358 799 2395 images
810 2356 880 2385 alone
892 2364 972 2386 create
1050 2356 1189 2390 Laertius,
1209 2357 1262 2384 and
1283 2366 1380 2385 occurs
1403 2356 1430 2384 in
1451 2355 1499 2385 the
1519 2356 1615 2395 epistle
1635 2363 1665 2386 to
1683 2356 1863 2389 Herodotus:

311 2411 363 2440 All
373 2420 416 2440 we
427 2419 531 2447 ενι-νε),
545 2409 579 2447 os
585 2409 668 2436 vision
681 2406 723 2435 the
736 2405 785 2434 sole
797 2415 869 2434 cause
880 2406 911 2442 .·]
946 2405 1010 2433 The
1050 2411 1094 2433 Δει
1103 2405 1126 2434 δε
1138 2419 1179 2434 και
1190 2406 1293 2443 νομιζειν,
1309 2418 1446 2437 extremm-03
1453 2419 1510 2438 nnn
1520 2419 1571 2435 απο
1584 2419 1626 2435 των
1639 2406 1715 2442 raon
1724 2419 1768 2438 τας
1775 2413 1869 2446 μορφας

197 2460 287 2500 origin
303 2459 338 2488 of
357 2460 413 2488 tbis
438 2458 530 2487 axium
549 2458 573 2486 is
594 2463 644 2494 yet
661 2463 690 2484 to
703 2456 738 2483 be
762 2453 849 2482 found
862 2455 888 2482 in
902 2454 950 2482 the
972 2464 1012 2482 re·
1052 2456 1104 2491 ὅροιν
1117 2467 1180 2491 nenas
1193 2466 1234 2481 και
1248 2452 1399 2482 simmaea..
1442 2459 1478 2483 Ου
1491 2467 1540 2493 γαρ
1559 2467 1588 2483 αν
1603 2459 1818 2492 ατοσφςονγισοωτο
1833 2467 1868 2484 »ra

197 2511 285 2549 lique·
309 2507 343 2537 of
367 2507 517 2546 Epicurus.
558 2505 588 2534 lt
609 2505 631 2534 i·
653 2502 795 2544 preserved
815 2502 853 2540 by
871 2502 1014 2541 Diogenes
1053 2503 1094 2536 εξω
1109 2514 1151 2532 των
1166 2507 1337 2537 :autumnum
1359 2505 1414 2532 &c.

1462 2561 1479 2590 8
