1986 2795
145 99 200 142 66

666 99 751 140 DE
782 97 1004 140 RERUM
1035 96 1300 139 NATURA.

1621 97 1728 140 Lm.
1751 97 1826 139 IV.

218 227 432 288 Stansque
458 224 503 271 in
528 238 798 289 perpetuum
823 224 999 289 paribus
1023 223 1220 270 subfulta
1243 221 1479 279 columnis,

218 318 391 380 Longa,
430 331 579 363 tamen
603 329 724 381 parte
749 315 804 362 ab
829 317 1003 362 summ-„⁶1
1026 332 1166 379 quom
1192 326 1284 360 tota
1308 312 1499 370 videtur,

1730 329 1830 377 430

220 409 456 456 Paullatim
482 409 612 456 trahit
637 409 812 473 angusti
837 408 1007 472 fastigia
1031 407 1147 463 coni,

218 505 361 548 Tecta
386 502 480 548 solo
497 502 707 565 jungens,
746 512 878 564 atque
903 499 1054 546 omnia
1077 499 1256 545 dextera
1279 497 1430 553 laevis;

220 596 381 641 Donec
407 595 451 641 in
477 594 715 640 obscurum
741 591 842 638 coni
866 590 1080 638 conduxit
1105 608 1310 637 acumen.

291 690 344 734 In
371 687 531 752 pelago
557 684 713 741 nautis,
752 702 804 730 ex
831 683 958 730 undis
984 695 1118 740 ortus,
1158 682 1203 728 in
1228 681 1359 728 undis

222 779 295 825 Sol
322 779 372 825 fit
399 778 488 824 urei
514 777 716 823 videatur
740 775 875 832 obire,
913 787 958 821 et
983 773 1173 820 condere
1198 773 1382 828 lumen;

1734 791 1829 835 435

223 861 406 926 Quippe
433 860 509 906 ubi
535 858 645 906 nihil
669 858 790 905 aliud
815 857 896 905 nisi
921 875 1082 921 aquam
1107 855 1368 920 coelumque
1394 869 1602 904 tuentur:

224 957 298 1001 Ne
324 954 479 1000 leviter
504 953 651 999 credas
677 950 927 998 labefactari
953 949 1151 1014 undique
1184 967 1348 996 sensus.

292 1053 358 1094 At
383 1047 511 1094 maris
536 1045 694 1110 ignaris
720 1044 766 1091 in
791 1058 922 1110 portu
948 1043 1104 1090 clauda
1129 1042 1339 1089 videntur

223 1138 422 1204 Navigia
446 1138 662 1203 aplustris,
702 1138 857 1183 fractas
883 1136 1072 1183 obnitier
1096 1136 1236 1182 undas
1258 1155 1268 1182 :

223 1236 347 1282 Nam
371 1248 702 1297 quaequomque
727 1248 857 1295 supra
881 1247 1026 1276 rorem
1051 1227 1147 1274 salis
1172 1227 1290 1275 edita
1313 1245 1412 1293 pars
1436 1242 1502 1275 est

1736 1244 1835 1287 440

227 1329 494 1381 Remorum,
533 1337 649 1371 recta
673 1337 737 1369 est
759 1343 770 1379 ;
807 1336 850 1369 et
874 1335 992 1368 recta
1017 1339 1206 1386 superne
1230 1321 1458 1386 guberna:

230 1421 344 1472 Quae
370 1417 567 1463 demersa
591 1416 761 1480 liquore
787 1414 969 1472 obeunt,
1007 1413 1203 1472 refracta,
1241 1413 1452 1460 videntur

233 1507 399 1555 Omnia
423 1506 640 1563 convorti‚
679 1523 942 1569 sursumque
967 1504 1124 1569 supina
1148 1504 1312 1551 revorti
1333 1525 1345 1560 ;

236 1603 297 1648 Et
321 1600 482 1647 reflexa
506 1617 644 1664 prope
670 1598 715 1645 in
740 1616 918 1645 summo
942 1597 1114 1644 fluitare
1139 1597 1327 1661 liquore.

306 1695 512 1756 Raraque
537 1709 615 1757 per
639 1691 807 1739 coelum
833 1706 930 1738 tum
956 1690 1105 1738 ventei
1130 1689 1283 1737 nubila
1307 1703 1485 1754 portant

1749 1705 1844 1749 445

238 1790 280 1833 T
283 1803 464 1851 empore
490 1799 722 1841 nocturno,
760 1802 900 1848 quom
925 1783 1155 1849 splendida
1179 1783 1304 1848 signa
1326 1783 1538 1829 videntur

241 1878 399 1926 Labier
424 1878 661 1923 advorsum
687 1876 875 1934 nimbos,
913 1890 1046 1941 atque
1071 1876 1132 1922 ire
1157 1892 1346 1940 superne

243 1973 399 2033 Longe
424 1967 554 2014 aliam
580 1967 624 2013 in
650 1982 834 2030 partem,
873 1985 922 2014 ac
947 1969 1049 2031 qust,
1086 1965 1268 2023 ratione,
1306 1965 1521 2012 feruntur.

220 2169 285 2197 Ver.
306 2168 372 2203 461.
406 2165 539 2197 laver-sd,
567 2164 621 2192 and
633 2164 745 2202 floating
773 2175 835 2191 mar
869 2162 909 2190 the
937 2173 995 2199 νον]

297 2215 427 2250 hrim.—]
463 2213 527 2241 The
561 2214 702 2250 rcasoning
735 2210 767 2239 of
796 2210 943 2239 Lucretius
976 2211 998 2237 is

183 2265 292 2302 warmly
308 2263 441 2301 espoused
460 2263 498 2298 by
512 2260 690 2292 Macrobius;
711 2261 763 2287 and
778 2260 812 2287 he
832 2259 880 2286 has
900 2258 998 2295 copied

183 2324 241 2343 rnto
255 2313 296 2341 his
310 2317 464 2349 argument,
485 2310 511 2337 in
534 2308 629 2337 favour
647 2308 680 2336 of
697 2309 744 2335 the
761 2307 893 2344 certainty
908 2306 939 2334 οἱ
952 2306 998 2334 the

185 2372 282 2394 senses,
309 2360 378 2388 both
401 2359 447 2387 the
466 2364 573 2396 present
596 2357 726 2388 instance,
747 2356 799 2383 and
822 2355 883 2383 that
903 2354 936 2382 of
953 2355 1000 2382 the

186 2411 308 2450 polygon
333 2417 429 2440 tower,
450 2418 476 2434 v.
499 2406 564 2444 37'2.
616 2405 680 2433 Hac
713 2405 831 2442 (ratione
859 2404 999 2442 videlicet)

188 2466 317 2490 cessante,
341 2456 410 2484 visus
430 2454 554 2483 inefficax
578 2462 636 2482 est:
659 2454 726 2482 adeo
741 2460 771 2480 ut
786 2453 860 2490 quod
874 2462 962 2480 remus
976 2453 1002 2480 in

190 2507 259 2546 aqu-2³
282 2506 383 2534 {metus
405 2504 520 2538 videtur,
547 2502 589 2532 vel
612 2503 687 2539 quod
712 2502 791 2531 turris
816 2501 918 2530 eminus
939 2502 1003 2535 visa,

1232 2122 1244 2143 Ι

1036 2175 1099 2193 cum
1113 2166 1148 2194 sit
1161 2163 1304 2202 angulosa,
1324 2162 1441 2191 rotunda
1456 2161 1636 2194 existimatur,
1650 2160 1732 2189 saciat
1746 2160 1857 2189 rationis

1037 2214 1225 2253 negligentia;
1249 2223 1320 2250 quae,
1341 2211 1362 2239 εἰ
1383 2221 1410 2238 se
1425 2210 1581 2243 intenderit,
1597 2209 1723 2248 agnoscit
1742 2209 1768 2237 in
1783 2216 1858 2237 turre

1037 2263 1164 2301 angulos,
1184 2262 1252 2290 etin
1267 2271 1341 2288 remo
1355 2259 1561 2296 integritatem;
1582 2265 1609 2286 et
1630 2257 1721 2286 omnia
1740 2257 1785 2285 illa
1804 2257 1858 2285 dis.

1038 2312 1134 2346 cernit,
1155 2322 1216 2349 quae
1235 2308 1412 2339 Academicis
1430 2308 1645 2336 damnandorum
1665 2316 1791 2334 sensuum
1812 2315 1859 2333 oc-

1040 2360 1175 2387 casionem
1196 2359 1350 2387 dederunt:
1371 2366 1434 2384 cum
1457 2365 1548 2383 sensus
1569 2364 1638 2382 unus
1655 2354 1726 2382 inter
1745 2353 1861 2381 certissi-

1041 2417 1097 2434 mas
1110 2417 1151 2435 res
1165 2406 1305 2435 habendus
1327 2405 1372 2438 sit,
1393 2404 1541 2432 comitante
1566 2403 1679 2431 ratione.
1722 2401 1859 2434 Saturnal,

1042 2455 1086 2482 vii.
1115 2464 1157 2489 14.
1199 2460 1218 2472 “
1233 2455 1326 2483 When
1340 2463 1433 2482 reason
1448 2452 1470 2480 is
1483 2451 1652 2483 inattcntive‚
1673 2449 1720 2477 the
1741 2460 1816 2478 sense
1831 2446 1863 2476 of

1043 2501 1117 2539 sight
1131 2502 1152 2529 ie
1166 2501 1282 2534 useless;
1303 2510 1333 2530 so
1354 2500 1416 2529 that
1435 2499 1483 2527 the
1507 2507 1565 2532 oar,
1585 2496 1663 2525 when
1681 2496 1799 2525 beneath
1813 2496 1861 2525 the
