1986 2795
184 126 263 166 116
720 122 804 163 DE
836 121 1057 167 RERUM
1089 120 1353 163 NATURA.
1662 123 1864 164 L1n.1v.

255 248 398 296 Hocc’
427 248 528 294 ideo
553 247 646 295 fieri
673 247 795 312 cogit
821 261 987 304 natura,
1025 247 1151 312 quod
1175 265 1330 294 ornnes

256 342 465 408 Corporis
490 341 682 388 obfectei
708 359 857 388 sensus
884 358 961 405 per
986 340 1189 386 membra
1212 339 1462 403 quiescunt,

256 438 360 484 Nec
385 447 569 499 possunt
595 432 755 479 falsum
781 430 893 478 veris
919 430 1186 478 convincere
1211 429 1354 476 rebus.

257 530 483 582 Prae-terea,
523 524 775 573 meminisse
793 524 928 587 jacet,
967 522 1240 585 languetque
1266 539 1423 586 sopore
1444 542 1454 576 ;

258 623 361 667 Nec
387 618 599 675 dissentit,
638 635 744 665 eum
769 614 921 662 mortis
946 613 1113 678 letique
1138 613 1336 678 potitum
1776 631 1872 677 770

258 716 360 779 Jam
387 712 574 777 pridem,
613 728 750 774 quem
775 726 900 755 mens
926 707 1088 754 vivum
1113 725 1157 754 se
1182 725 1359 754 cernere
1384 709 1537 754 credit.

330 805 467 858 Quod
493 820 623 867 super
646 814 724 858 est,
761 818 855 847 non
879 813 943 846 est
968 799 1149 857 mirum,
1188 799 1420 846 simulacra
1443 800 1613 846 moveri

1620 836 1630 855 -o

262 896 534 959 Brachiaque
560 895 604 941 in
631 911 871 941 numerum
887 893 1068 956 jactare,
1108 906 1152 939 et
1177 905 1332 938 caetera
1356 892 1584 938 membra:

263 992 386 1036 Nam
412 990 478 1045 fit,
517 1002 566 1034 ut
592 988 637 1034 in
663 986 827 1033 somnis
854 986 995 1032 facere
1020 985 1107 1031 hoc
1133 984 1335 1030 videatur
1359 983 1522 1048 imago.

263 1085 378 1138 Hoc,
418 1082 495 1128 ubi
520 1080 663 1146 prima
687 1079 831 1145 periit,
871 1078 1048 1142 alioque
1073 1091 1137 1124 est
1163 1077 1296 1123 altera
1321 1090 1421 1123 nata
1779 1094 1873 1139 775

266 1182 377 1230 Inde
403 1194 532 1237 statu,
572 1179 690 1244 prior
715 1177 813 1225 heic
838 1190 1016 1242 gestum
1043 1189 1233 1223 mutasse
1258 1174 1448 1221 videtur.

264 1273 439 1320 Scilicet
465 1272 509 1318 id
536 1270 630 1317 fieri
655 1268 785 1317 celeri
811 1268 978 1315 ratione
1004 1267 1256 1332 putandum
1276 1279 1374 1320 est:

263 1366 412 1410 Tanta
435 1375 499 1408 est
524 1359 760 1417 mobilitas,
798 1372 842 1406 et
867 1377 1013 1406 rerum
1039 1358 1169 1424 copia
1190 1371 1325 1415 tanta,

266 1458 503 1518 Tantaque
529 1452 720 1500 sensibili
745 1470 837 1516 quo
862 1450 928 1498 vis
954 1465 1018 1498 est
1043 1464 1244 1516 tempore
1269 1450 1315 1496 in
1340 1467 1432 1496 uno

269 1547 411 1613 Copia
436 1545 770 1612 particularum,
809 1558 859 1590 ut
884 1544 1019 1609 possit
1045 1543 1339 1609 subpeditare.

340 1721 580 1784 Multaque
605 1717 650 1764 in
676 1716 758 1763 hiis
783 1717 910 1762 rebus
935 1728 1206 1780 quaeruntur,
1245 1713 1477 1777 multaque
1502 1712 1629 1759 nobis

274 1814 548 1863 Clarandum
572 1824 651 1868 est,
690 1809 820 1874 plane
845 1809 878 1854 si
903 1826 969 1855 res
994 1825 1217 1874 exponere
1243 1824 1444 1854 avemus„

346 1906 570 1962 Quaeritur
595 1904 639 1951 in
665 1902 832 1968 primis,
870 1903 958 1966 qua
983 1919 1041 1957 re,
1079 1901 1201 1965 quod
1227 1899 1424 1964 quoique
1450 1896 1606 1942 lubido
1788 1898 1886 1958 780

277 2000 479 2057 Venerit,
517 2018 570 2046 ex
595 1997 767 2062 templo
791 2013 915 2043 mens
941 1994 1106 2058 cogitet
1132 1995 1225 2057 ejus
1251 1993 1296 2039 id
1321 1992 1484 2056 ipsum.

251 2206 319 2234 Ver.
337 2203 401 2240 787.
424 2203 457 2230 0¹
474 2202 525 2238 trip
537 2198 748 2237 theirsrolicfiet
761 2203 786 2223 to
800 2196 928 2223 num’rom
942 2194 1028 2230 tima]
1147 2190 1194 2218 To
1208 2189 1283 2218 brisk
1300 2196 1376 2217 notes
1391 2188 1416 2216 in
1431 2188 1547 2216 cadence
1561 2187 1673 2224 beating

213 2255 277 2283 The
288 2252 430 2289 following
441 2249 605 2286 description
621 2247 652 2275 of
661 2247 750 2283 Gray,
765 2246 791 2272 in
803 2245 843 2272 his
859 2244 989 2281 Progress
1003 2242 1035 2270 of
1151 2238 1244 2267 Glance
1254 2237 1318 2266 their
1333 2236 1623 2274 many—twinklingscet.

215 2305 315 2340 Poesy,
329 2302 351 2329 is
366 2309 413 2328 too
426 2298 560 2335 exquisite
574 2307 603 2324 as
618 2295 678 2323 well
696 2305 724 2322 aa
738 2301 786 2322 too
801 2292 925 2331 apposite
939 2298 987 2319 not
1004 2298 1031 2319 ιο

215 2353 247 2379 be
263 2349 371 2377 ”oficed
386 2347 412 2375 5¹¹
427 2346 481 2373 ‘his
496 2344 571 2382 place
584 2355 591 2371 ²
1111 2346 1176 2373 Ver.
1193 2345 1259 2381 788.
1281 2344 1338 2372 For
1350 2343 1390 2371 the
1400 2342 1462 2380 light
1475 2344 1554 2379 image
1563 2349 1630 2378 stays
1642 2346 1692 2372 not,
1713 2338 1844 2377 butflow:
1859 2349 1890 2366 on

292 2407 375 2435 With
389 2406 461 2434 antic
477 2411 576 2441 sports,
596 2403 649 2430 and
662 2400 803 2437 blue-ey‘d
817 2400 962 2438 pkasures,
1188 2393 1221 2420 In
1235 2400 1339 2420 stream:
1350 2393 1486 2419 successive
1492 2402 1503 2423 ;
1586 2390 1601 2426 ]
1625 2389 1656 2416 A
1672 2387 1794 2415 doctrine
1816 2395 1890 2413 more

295 2455 424 2492 Frisking
438 2453 509 2491 light
531 2453 557 2479 in
572 2451 650 2479 frolic
664 2459 807 2481 mensures,
1074 2441 1141 2479 fully
1155 2440 1307 2468 illustrated
1328 2440 1354 2467 in
1375 2439 1417 2467 his
1439 2437 1603 2476 philosophy
1629 2435 1662 2463 of
1680 2436 1798 2463 mix-rore.
1841 2433 1891 2461 See

295 2504 368 2531 Now
383 2502 524 2539 pursuing‚
545 2511 606 2527 now
622 2498 778 2534 retreating‚
1074 2501 1126 2519 ver.
1144 2498 1208 2527 335.
1224 2487 1257 2516 of
1267 2489 1321 2517 this
1337 2488 1429 2517 Book.

296 2548 368 2577 Now
382 2549 409 2576 in
424 2548 535 2584 circling
549 2554 644 2584 troops
659 2545 724 2583 they
739 2550 810 2572 meet
823 2555 831 2578 ;
